Transaction_ID,Date,Customer_ID,Gender,Age,Category,Sub-Category,Quantity,Unit_Price,Cost_Price,Total_Sales,Total Cost,Region,Opening_Inventory,Closing_Inventory
T00001,4/13/2023,CUST535,Male,46,Clothing,Jeans,3,1016,759,3048,2277,Karnataka,152,149
T00002,5/2/2023,CUST566,Male,40,Clothing,Jeans,3,633,513,1899,1539,Uttar Pradesh,153,150
T00003,6/1/2023,CUST230,Male,39,Electronics,Mobiles,1,1394,973,1394,973,Tamil Nadu,87,86
T00004,7/11/2023,CUST376,Male,50,Home & Kitchen,Furniture,4,717,650,2868,2600,Karnataka,138,134
T00005,2/18/2023,CUST574,Male,59,Clothing,Jackets,4,452,363,1808,1452,Delhi,100,96
T00006,12/30/2023,CUST666,Female,20,Clothing,Jeans,1,756,647,756,647,Delhi,67,66
T00007,3/30/2023,CUST415,Female,31,Home & Kitchen,Decor,2,494,447,988,894,Maharashtra,179,177
T00008,12/6/2023,CUST191,,24,Clothing,Jackets,4,608,546,2432,2184,Karnataka,130,126
T00009,2/19/2023,CUST971,Male,21,Electronics,Accessories,2,571,483,1142,966,Uttar Pradesh,53,51
T00010,11/6/2023,CUST576,Male,35,Sports,Sportswear,2,635,505,1270,1010,,63,61
T00011,12/17/2023,CUST915,,,Beauty,Skincare,4,803,,3212,2452,Maharashtra,89,85
T00012,8/1/2023,CUST819,Male,35,Clothing,Shirts,3,1051,846,3153,2538,Karnataka,173,170
T00013,2/10/2023,CUST256,Female,32,Sports,Fitness,1,250,167,250,167,Maharashtra,137,136
T00014,5/9/2023,CUST747,Male,41,Beauty,Haircare,3,1153,834,3459,2502,Gujarat,82,79
T00015,9/18/2023,CUST589,Female,56,Home & Kitchen,Cookware,2,295,204,590,408,Uttar Pradesh,121,119
T00016,9/25/2023,CUST132,Male,40,Electronics,Laptops,2,547,393,1094,786,Karnataka,153,151
T00017,8/2/2023,CUST646,Male,18,Home & Kitchen,Furniture,3,288,208,864,624,Karnataka,50,47
T00018,1/5/2023,CUST317,Female,31,Home & Kitchen,Cookware,3,189,136,567,408,Maharashtra,139,136
T00019,2/11/2023,CUST991,Female,30,Home & Kitchen,Decor,3,174,128,522,384,Delhi,101,98
T00020,4/6/2023,CUST833,Female,54,Sports,Sportswear,3,847,644,2541,1932,Delhi,78,75
T00021,2/5/2023,CUST624,Female,49,Beauty,Skincare,3,420,361,1260,1083,Gujarat,115,112
T00022,6/19/2023,CUST656,Female,23,Home & Kitchen,Cookware,4,967,823,3868,3292,Delhi,79,75
T00023,11/27/2023,CUST739,,45,Clothing,Jeans,1,442,386,442,386,Tamil Nadu,170,169
T00024,10/10/2023,CUST732,Female,30,Clothing,Jackets,1,436,374,436,374,Delhi,186,185
T00025,11/14/2023,CUST776,Female,50,Clothing,Shirts,3,410,342,1230,1026,Tamil Nadu,108,105
T00026,6/9/2023,CUST707,Female,41,Clothing,Shirts,1,522,463,522,463,Delhi,101,100
T00027,9/25/2023,CUST609,Female,56,Sports,Sportswear,2,859,741,1718,1482,Gujarat,130,128
T00028,7/6/2023,CUST212,Female,19,Sports,Fitness,2,523,470,1046,940,Gujarat,178,176
T00029,5/6/2023,CUST229,Male,43,Home & Kitchen,Furniture,4,799,598,3196,2392,Karnataka,172,168
T00030,9/12/2023,CUST393,Male,41,Sports,Fitness,1,906,669,906,669,Maharashtra,188,187
T00031,8/28/2023,CUST243,Male,50,Home & Kitchen,Furniture,1,457,389,457,389,Gujarat,142,141
T00032,9/16/2023,CUST759,Male,53,Home & Kitchen,Furniture,3,1054,740,3162,2220,Maharashtra,197,194
T00033,12/18/2023,CUST810,Female,58,Home & Kitchen,Decor,1,598,458,598,458,Gujarat,153,152
T00034,5/9/2023,CUST878,Female,45,Electronics,Mobiles,1,297,202,297,202,Delhi,91,90
T00035,4/9/2023,CUST362,Male,33,Electronics,Mobiles,2,1286,984,2572,1968,Maharashtra,162,160
T00036,1/2/2023,CUST996,Male,29,Home & Kitchen,Cookware,1,1232,910,1232,910,Gujarat,58,57
T00037,8/21/2023,CUST198,,36,Clothing,T-Shirts,4,1243,862,4972,3448,Karnataka,103,99
T00038,4/30/2023,CUST772,Female,41,Home & Kitchen,Furniture,4,205,176,820,704,Karnataka,153,149
T00039,12/6/2023,CUST353,Male,52,Electronics,Mobiles,4,261,191,1044,764,Uttar Pradesh,142,138
T00040,12/4/2023,CUST805,Female,52,Beauty,Skincare,4,1165,995,4660,3980,Tamil Nadu,117,113
T00041,10/16/2023,CUST497,Male,38,Home & Kitchen,Cookware,4,1050,772,4200,3088,Tamil Nadu,184,180
T00042,7/14/2023,CUST500,Female,50,Clothing,Jackets,4,230,184,920,736,Delhi,168,164
T00043,1/22/2023,CUST849,Female,47,Beauty,Haircare,2,1270,981,2540,1962,Karnataka,57,55
T00044,10/10/2023,CUST126,Female,51,Electronics,Mobiles,1,735,552,735,552,Karnataka,110,109
T00045,10/31/2023,CUST758,Male,21,Clothing,Shirts,3,885,792,2655,2376,Delhi,95,92
T00046,1/6/2023,CUST198,Male,58,Home & Kitchen,Furniture,1,1189,935,1189,935,Tamil Nadu,144,143
T00047,4/9/2023,CUST799,Male,50,Electronics,Mobiles,4,458,365,1832,1460,Tamil Nadu,116,112
T00048,5/8/2023,CUST117,Male,42,Beauty,Haircare,2,1299,943,2598,1886,Uttar Pradesh,153,151
T00049,6/23/2023,CUST891,Female,49,Sports,Fitness,3,1146,991,3438,2973,Karnataka,179,176
T00050,9/30/2023,CUST203,,50,Sports,Outdoor,1,911,732,911,732,Maharashtra,75,74
T00051,12/21/2023,CUST917,Female,42,Home & Kitchen,Cookware,4,1203,922,4812,3688,Uttar Pradesh,106,102
T00052,2/5/2023,CUST784,Male,37,Sports,Fitness,1,206,164,206,164,Gujarat,191,190
T00053,5/23/2023,CUST191,Male,51,Beauty,Haircare,2,677,495,1354,990,Maharashtra,100,98
T00054,6/2/2023,CUST797,Male,39,Home & Kitchen,Furniture,2,1049,874,2098,1748,Tamil Nadu,119,117
T00055,9/28/2023,CUST153,Female,54,Electronics,Mobiles,1,1021,845,1021,845,Uttar Pradesh,157,156
T00056,1/5/2023,CUST202,Male,21,Sports,Fitness,2,192,147,384,294,Uttar Pradesh,96,94
T00057,12/21/2023,CUST922,Male,57,Sports,Sportswear,4,327,219,1308,876,Maharashtra,155,151
T00058,6/7/2023,CUST758,Male,34,Home & Kitchen,Cookware,4,438,344,1752,1376,Uttar Pradesh,139,135
T00059,8/17/2023,CUST573,Female,,Sports,Sportswear,3,918,726,2754,2178,Uttar Pradesh,107,104
T00060,5/2/2023,CUST612,Male,51,Home & Kitchen,Decor,4,824,594,3296,2376,Uttar Pradesh,166,162
T00061,9/29/2023,CUST288,Male,56,Electronics,Mobiles,4,805,599,3220,2396,Karnataka,125,121
T00062,6/3/2023,CUST755,,54,Sports,Outdoor,2,129,113,258,226,Delhi,118,116
T00063,2/16/2023,CUST193,Female,22,Beauty,Skincare,4,162,115,648,460,Gujarat,134,130
T00064,2/8/2023,CUST711,Male,50,Clothing,Shirts,2,618,490,1236,980,Uttar Pradesh,59,57
T00065,9/3/2023,CUST936,Female,53,Electronics,Accessories,2,370,335,740,670,Maharashtra,196,194
T00066,4/6/2023,CUST868,Female,22,Sports,Fitness,1,278,247,278,247,Gujarat,51,50
T00067,6/9/2023,CUST574,Male,37,Home & Kitchen,Cookware,4,943,709,3772,2836,Gujarat,82,78
T00068,6/28/2023,CUST526,Male,54,Home & Kitchen,Cookware,4,664,447,2656,1788,Gujarat,123,119
T00069,2/12/2023,CUST655,Male,46,Electronics,Mobiles,1,367,293,367,293,Karnataka,84,83
T00070,8/3/2023,CUST948,Female,43,Clothing,Jackets,4,613,447,2452,1788,Delhi,164,160
T00071,4/15/2023,CUST295,Female,28,Beauty,Haircare,1,171,135,171,135,Maharashtra,187,186
T00072,12/23/2023,CUST556,Female,41,Electronics,Mobiles,4,861,618,3444,2472,Delhi,85,81
T00073,4/6/2023,CUST763,Male,40,Clothing,Shirts,2,724,606,1448,1212,Delhi,62,60
T00074,10/6/2023,CUST316,Male,52,Beauty,Haircare,1,578,440,578,440,Maharashtra,133,132
T00075,8/5/2023,CUST441,Female,30,Electronics,Accessories,3,213,190,639,570,Uttar Pradesh,196,193
T00076,3/17/2023,CUST364,Male,24,Electronics,Mobiles,4,1414,955,5656,3820,Tamil Nadu,132,128
T00077,5/24/2023,CUST984,,22,Sports,Outdoor,3,849,642,2547,1926,Gujarat,102,99
T00078,5/31/2023,CUST243,,56,Home & Kitchen,Cookware,1,1397,938,1397,938,Uttar Pradesh,191,190
T00079,8/11/2023,CUST733,Female,22,Clothing,T-Shirts,3,1115,899,3345,2697,Karnataka,195,192
T00080,8/27/2023,CUST687,Male,26,Clothing,Jeans,2,1234,853,2468,1706,Maharashtra,56,54
T00081,6/23/2023,CUST752,Male,57,Home & Kitchen,Cookware,2,666,457,1332,914,Delhi,54,52
T00082,1/29/2023,CUST264,Female,55,Clothing,T-Shirts,3,901,623,2703,1869,Tamil Nadu,135,132
T00083,5/25/2023,CUST610,Female,24,Beauty,Skincare,1,785,633,785,633,Uttar Pradesh,68,67
T00084,12/30/2023,CUST281,Male,56,Sports,Sportswear,3,399,,1197,972,Gujarat,175,172
T00085,6/22/2023,CUST752,Female,45,Sports,Sportswear,2,173,151,346,302,Tamil Nadu,110,108
T00086,12/27/2023,CUST100,Male,20,Home & Kitchen,Furniture,1,395,314,395,314,Tamil Nadu,162,161
T00087,11/8/2023,CUST216,Male,23,Beauty,Skincare,2,165,111,330,222,Gujarat,110,108
T00088,10/30/2023,CUST248,Male,33,Electronics,Laptops,2,1368,932,2736,1864,Tamil Nadu,196,194
T00089,1/20/2023,CUST540,Male,35,Sports,Outdoor,3,919,666,2757,1998,Delhi,50,47
T00090,2/23/2023,CUST985,Female,20,Clothing,Jeans,4,1119,763,4476,3052,Maharashtra,123,119
T00091,8/12/2023,CUST883,Female,25,Electronics,Mobiles,2,688,510,1376,1020,Uttar Pradesh,57,55
T00092,5/2/2023,CUST447,Male,53,Electronics,Accessories,2,536,449,1072,898,Uttar Pradesh,77,75
T00093,8/8/2023,CUST968,Female,58,Beauty,Skincare,4,1362,988,5448,3952,Delhi,194,190
T00094,7/20/2023,CUST823,Male,30,Sports,Fitness,4,397,344,1588,1376,Maharashtra,84,80
T00095,9/10/2023,CUST489,,35,Sports,Fitness,3,1013,753,3039,2259,Karnataka,59,56
T00096,11/8/2023,CUST897,Female,22,Clothing,Jeans,3,663,470,1989,1410,Gujarat,195,192
T00097,8/12/2023,CUST338,Female,28,Clothing,T-Shirts,1,974,775,974,775,Tamil Nadu,108,107
T00098,10/10/2023,CUST788,Male,30,Clothing,Jeans,1,661,522,661,522,Delhi,178,177
T00099,11/7/2023,CUST617,Female,45,Electronics,Laptops,1,813,581,813,581,Maharashtra,52,51
T00100,1/23/2023,CUST664,Male,54,Clothing,Shirts,2,1037,865,2074,1730,Maharashtra,127,125
T00101,1/1/2023,CUST150,Female,30,Beauty,Skincare,4,419,306,1676,1224,Karnataka,81,77
T00102,2/3/2023,CUST447,Male,48,Clothing,Shirts,4,156,120,624,480,Maharashtra,167,163
T00103,9/16/2023,CUST990,Male,29,Clothing,T-Shirts,1,790,597,790,597,Tamil Nadu,106,105
T00104,4/22/2023,CUST866,Female,40,Beauty,Makeup,3,1093,806,3279,2418,Gujarat,124,121
T00105,4/13/2023,CUST521,Male,51,Electronics,Mobiles,2,877,647,1754,1294,Karnataka,128,126
T00106,12/13/2023,CUST534,Female,51,Sports,Outdoor,4,759,593,3036,2372,Tamil Nadu,128,124
T00107,1/30/2023,CUST858,Male,59,Sports,Outdoor,3,1033,728,3099,2184,Karnataka,187,184
T00108,7/3/2023,CUST500,Male,27,Sports,Outdoor,1,427,332,427,332,Gujarat,83,82
T00109,9/19/2023,CUST152,Female,19,Home & Kitchen,Decor,1,384,288,384,288,Delhi,164,163
T00110,4/21/2023,CUST860,Male,40,Electronics,Laptops,3,789,626,2367,1878,Gujarat,193,190
T00111,1/8/2023,CUST459,Male,21,Beauty,Makeup,4,682,471,2728,1884,Tamil Nadu,142,138
T00112,6/9/2023,CUST160,Female,36,Home & Kitchen,Furniture,1,305,252,305,252,Delhi,110,109
T00113,1/22/2023,CUST504,,23,Home & Kitchen,Furniture,1,722,581,722,581,Karnataka,95,94
T00114,2/3/2023,CUST177,Female,43,Sports,Fitness,1,443,389,443,389,Gujarat,96,95
T00115,5/1/2023,CUST313,Male,47,Beauty,Skincare,3,1044,929,3132,2787,Uttar Pradesh,75,72
T00116,10/19/2023,CUST356,Male,25,Sports,Sportswear,1,953,638,953,638,Karnataka,96,95
T00117,5/7/2023,CUST155,Male,39,Sports,Sportswear,2,819,656,1638,1312,Delhi,179,177
T00118,12/31/2023,CUST765,Male,31,Clothing,Jackets,3,453,327,1359,981,Tamil Nadu,160,157
T00119,8/26/2023,CUST462,Male,,Sports,Outdoor,2,527,419,1054,838,Tamil Nadu,168,166
T00120,1/28/2023,CUST813,Male,56,Electronics,Laptops,1,973,857,973,857,Tamil Nadu,175,174
T00121,10/27/2023,CUST636,Male,34,Clothing,Jackets,1,870,634,870,634,Maharashtra,116,115
T00122,8/21/2023,CUST208,Female,35,Sports,Outdoor,3,873,626,2619,1878,Karnataka,160,157
T00123,9/21/2023,CUST468,Male,36,Clothing,Shirts,2,443,355,886,710,Delhi,75,73
T00124,11/16/2023,CUST837,Female,23,Electronics,Mobiles,1,1037,940,1037,940,Gujarat,70,69
T00125,7/17/2023,CUST681,Male,21,Beauty,Haircare,2,325,268,650,536,Tamil Nadu,144,142
T00126,6/1/2023,CUST922,Male,26,Clothing,T-Shirts,3,162,146,486,438,Delhi,85,82
T00127,8/11/2023,CUST105,Female,19,Beauty,Haircare,4,1406,973,5624,3892,Delhi,183,179
T00128,4/28/2023,CUST980,Male,47,Sports,Sportswear,4,1072,751,4288,3004,Uttar Pradesh,128,124
T00129,7/22/2023,CUST491,Female,43,Electronics,Mobiles,3,1010,855,3030,2565,Maharashtra,167,164
T00130,11/20/2023,CUST886,Male,37,Electronics,Laptops,1,1001,763,1001,763,Tamil Nadu,50,49
T00131,3/31/2023,CUST753,Male,55,Electronics,Accessories,1,818,555,818,555,Delhi,126,125
T00132,9/16/2023,CUST772,Female,23,Electronics,Laptops,2,671,509,1342,1018,Delhi,187,185
T00133,6/21/2023,CUST997,Male,30,Beauty,Haircare,4,996,829,3984,3316,Maharashtra,150,146
T00134,11/25/2023,CUST884,Male,26,Clothing,T-Shirts,3,706,526,2118,1578,Tamil Nadu,143,140
T00135,4/5/2023,CUST916,Male,22,Electronics,Accessories,2,975,771,1950,1542,Karnataka,166,164
T00136,5/17/2023,CUST687,Female,52,Home & Kitchen,Furniture,3,1297,934,3891,2802,Maharashtra,109,106
T00137,11/16/2023,CUST448,Male,25,Sports,Outdoor,3,963,816,2889,2448,Gujarat,79,76
T00138,10/18/2023,CUST824,Male,54,Clothing,T-Shirts,1,422,312,422,312,Gujarat,111,110
T00139,5/12/2023,CUST700,Male,59,Beauty,Haircare,1,915,715,915,715,Gujarat,153,152
T00140,1/14/2023,CUST899,,55,Electronics,Accessories,1,1006,773,1006,773,Tamil Nadu,194,193
T00141,8/13/2023,CUST602,Male,19,Home & Kitchen,Cookware,2,191,160,382,320,Delhi,88,86
T00142,7/17/2023,CUST745,Female,20,Beauty,Makeup,3,1043,757,3129,2271,Uttar Pradesh,64,61
T00143,4/21/2023,CUST768,Male,50,Beauty,Skincare,4,1020,767,4080,3068,Karnataka,87,83
T00144,4/7/2023,CUST510,Female,50,Sports,Outdoor,2,394,284,788,568,Gujarat,54,52
T00145,5/3/2023,CUST941,Male,50,Electronics,Accessories,2,960,839,1920,1678,Karnataka,158,156
T00146,8/4/2023,CUST795,Male,32,Beauty,Haircare,1,758,586,758,586,Tamil Nadu,117,116
T00147,11/28/2023,CUST784,Female,19,Clothing,T-Shirts,3,933,677,2799,2031,Karnataka,85,82
T00148,10/9/2023,CUST910,Male,44,Home & Kitchen,Cookware,1,1252,844,1252,844,Delhi,153,152
T00149,2/7/2023,CUST233,Female,25,Beauty,Makeup,3,763,516,2289,1548,Delhi,189,186
T00150,8/6/2023,CUST240,Female,57,Electronics,Mobiles,2,229,191,458,382,Tamil Nadu,153,151
T00151,11/12/2023,CUST782,Male,29,Clothing,Jackets,4,839,609,3356,2436,Maharashtra,169,165
T00152,10/20/2023,CUST939,Male,59,Beauty,Skincare,1,831,619,831,619,Karnataka,100,99
T00153,1/29/2023,CUST561,Female,57,Beauty,Makeup,1,1195,933,1195,933,Delhi,95,94
T00154,4/11/2023,CUST504,Female,43,Beauty,Skincare,2,384,268,768,536,Karnataka,50,48
T00155,11/15/2023,CUST666,Male,57,Beauty,Skincare,3,515,459,1545,1377,Delhi,186,183
T00156,7/21/2023,CUST535,Female,43,Clothing,Shirts,1,257,203,257,203,Karnataka,139,138
T00157,3/16/2023,CUST905,Male,19,Electronics,Mobiles,3,575,412,1725,1236,Uttar Pradesh,66,63
T00158,5/8/2023,CUST975,Female,41,Sports,Sportswear,1,695,549,695,549,Gujarat,137,136
T00159,6/10/2023,CUST276,Male,46,Electronics,Accessories,3,416,350,1248,1050,Uttar Pradesh,163,160
T00160,2/18/2023,CUST948,Female,37,Clothing,Jackets,1,296,234,296,234,Karnataka,112,111
T00161,7/8/2023,CUST459,Male,24,Home & Kitchen,Decor,1,477,379,477,379,,172,171
T00162,7/30/2023,CUST417,Male,49,Electronics,Mobiles,2,303,272,606,544,Karnataka,79,77
T00163,5/24/2023,CUST523,Female,36,Beauty,Makeup,2,505,365,1010,730,Delhi,162,160
T00164,4/24/2023,CUST321,Female,55,Beauty,Makeup,3,281,240,843,720,Uttar Pradesh,104,101
T00165,12/25/2023,CUST742,Female,49,Sports,Fitness,2,467,344,934,688,Karnataka,173,171
T00166,3/28/2023,CUST154,,45,Beauty,Makeup,4,1015,744,4060,2976,Maharashtra,114,110
T00167,11/9/2023,CUST858,Male,20,Home & Kitchen,Decor,4,360,277,1440,1108,Maharashtra,121,117
T00168,2/23/2023,CUST860,Female,54,Sports,Fitness,3,1189,899,3567,2697,Uttar Pradesh,57,54
T00169,10/18/2023,CUST195,Female,41,Clothing,T-Shirts,2,915,643,1830,1286,Maharashtra,193,191
T00170,6/14/2023,CUST281,Female,38,Home & Kitchen,Cookware,2,531,364,1062,728,Karnataka,56,54
T00171,11/26/2023,CUST874,Male,50,Electronics,Mobiles,3,992,863,2976,2589,Gujarat,196,193
T00172,2/5/2023,CUST384,Male,35,Home & Kitchen,Cookware,2,1241,920,2482,1840,Delhi,60,58
T00173,8/22/2023,CUST485,Female,20,Electronics,Laptops,3,187,131,561,393,Gujarat,86,83
T00174,9/13/2023,CUST833,Female,26,Clothing,Jackets,2,1039,875,2078,1750,Tamil Nadu,135,133
T00175,12/30/2023,CUST379,Female,34,Sports,Outdoor,2,910,609,1820,1218,Delhi,177,175
T00176,8/12/2023,CUST820,Male,34,Clothing,Shirts,2,1059,768,2118,1536,Gujarat,74,72
T00177,12/25/2023,CUST300,Male,39,Electronics,Mobiles,3,553,480,1659,1440,Delhi,78,75
T00178,4/19/2023,CUST709,Male,40,Clothing,Jackets,1,171,117,171,117,Maharashtra,134,133
T00179,2/11/2023,CUST455,Male,58,Home & Kitchen,Decor,2,203,160,406,320,Gujarat,171,169
T00180,3/17/2023,CUST698,Male,59,Beauty,Makeup,2,326,223,652,446,Gujarat,183,181
T00181,8/7/2023,CUST267,Male,51,Beauty,Skincare,4,869,670,3476,2680,Karnataka,187,183
T00182,6/22/2023,CUST500,Male,43,Clothing,T-Shirts,1,582,445,582,445,Karnataka,113,112
T00183,5/10/2023,CUST921,Male,18,Electronics,Laptops,3,255,181,765,543,Uttar Pradesh,78,75
T00184,5/29/2023,CUST878,Male,57,Home & Kitchen,Cookware,3,583,420,1749,1260,Gujarat,88,85
T00185,8/20/2023,CUST326,Female,51,Sports,Outdoor,3,1028,697,3084,2091,Maharashtra,118,115
T00186,11/8/2023,CUST388,Female,53,Sports,Outdoor,3,450,336,1350,1008,Karnataka,130,127
T00187,12/31/2023,CUST581,Female,26,Electronics,Accessories,2,652,527,1304,1054,Gujarat,89,87
T00188,1/17/2023,CUST740,Female,42,Electronics,Mobiles,1,917,720,917,720,Maharashtra,88,87
T00189,10/18/2023,CUST230,Male,54,Beauty,Skincare,4,877,725,3508,2900,Gujarat,147,143
T00190,1/12/2023,CUST374,Female,54,Electronics,Accessories,4,1228,827,4912,3308,Delhi,66,62
T00191,11/26/2023,CUST668,Female,29,Beauty,Haircare,2,1351,962,2702,1924,Uttar Pradesh,198,196
T00192,3/22/2023,CUST826,Female,54,Electronics,Accessories,2,1005,674,2010,1348,Delhi,138,136
T00193,9/25/2023,CUST754,Male,43,Electronics,Laptops,1,1060,950,1060,950,Tamil Nadu,59,58
T00194,1/16/2023,CUST810,Male,34,Home & Kitchen,Decor,3,774,600,2322,1800,Uttar Pradesh,184,181
T00195,9/27/2023,CUST434,Female,24,Beauty,Haircare,1,313,,313,273,Karnataka,108,107
T00196,8/3/2023,CUST576,Female,35,Home & Kitchen,Furniture,3,1259,876,3777,2628,Maharashtra,195,192
T00197,4/13/2023,CUST372,Male,31,Home & Kitchen,Decor,3,567,428,1701,1284,Uttar Pradesh,94,91
T00198,4/8/2023,CUST230,,54,Clothing,Jeans,3,564,406,1692,1218,Gujarat,157,154
T00199,2/8/2023,CUST626,Male,21,Clothing,Jeans,1,970,695,970,695,Uttar Pradesh,65,64
T00200,4/18/2023,CUST993,Female,19,Home & Kitchen,Furniture,3,772,516,2316,1548,Gujarat,62,59
T00201,5/21/2023,CUST373,Female,49,Electronics,Mobiles,4,1228,819,4912,3276,Maharashtra,78,74
T00202,11/14/2023,CUST344,Female,33,Beauty,Haircare,4,434,345,1736,1380,Gujarat,152,148
T00203,12/6/2023,CUST488,Male,18,Sports,Sportswear,2,133,103,266,206,Tamil Nadu,169,167
T00204,6/7/2023,CUST423,Male,35,Home & Kitchen,Furniture,2,763,630,1526,1260,Maharashtra,122,120
T00205,11/1/2023,CUST988,Female,41,Home & Kitchen,Decor,4,439,296,1756,1184,Uttar Pradesh,110,106
T00206,7/17/2023,CUST906,Male,41,Sports,Fitness,3,1366,913,4098,2739,Delhi,101,98
T00207,9/17/2023,CUST670,Male,25,Clothing,Shirts,4,1018,854,4072,3416,Maharashtra,159,155
T00208,11/26/2023,CUST206,Male,51,Home & Kitchen,Decor,1,351,298,351,298,Delhi,52,51
T00209,9/19/2023,CUST616,Female,22,Clothing,Shirts,2,1413,972,2826,1944,Maharashtra,148,146
T00210,1/20/2023,CUST989,Male,59,Beauty,Haircare,3,1078,782,3234,2346,Delhi,52,49
T00211,6/9/2023,CUST838,Male,55,Electronics,Laptops,1,396,301,396,301,Uttar Pradesh,122,121
T00212,3/9/2023,CUST456,Female,51,Clothing,Shirts,3,1073,890,3219,2670,Uttar Pradesh,78,75
T00213,5/17/2023,CUST294,Female,42,Home & Kitchen,Decor,2,1247,876,2494,1752,Tamil Nadu,89,87
T00214,1/25/2023,CUST360,Male,28,Sports,Fitness,3,424,353,1272,1059,Maharashtra,87,84
T00215,11/24/2023,CUST350,Female,22,Clothing,Jeans,4,619,546,2476,2184,Maharashtra,109,105
T00216,6/25/2023,CUST895,Male,22,Home & Kitchen,Decor,1,1124,866,1124,866,Maharashtra,111,110
T00217,12/15/2023,CUST214,Female,20,Home & Kitchen,Decor,4,917,696,3668,2784,Uttar Pradesh,82,78
T00218,9/19/2023,CUST315,Female,36,Clothing,Jackets,4,998,693,3992,2772,Uttar Pradesh,108,104
T00219,10/31/2023,CUST780,Female,30,Clothing,Shirts,3,463,315,1389,945,Delhi,149,146
T00220,7/10/2023,CUST766,Female,55,Electronics,Accessories,4,353,243,1412,972,Uttar Pradesh,107,103
T00221,9/6/2023,CUST130,Male,40,Home & Kitchen,Cookware,2,267,216,534,432,Tamil Nadu,88,86
T00222,3/23/2023,CUST455,Male,19,Sports,Sportswear,2,940,781,1880,1562,Karnataka,62,60
T00223,2/15/2023,CUST766,Female,58,Electronics,Laptops,1,255,204,255,204,Maharashtra,137,136
T00224,12/31/2023,CUST774,Male,23,Clothing,Jackets,3,1033,785,3099,2355,Uttar Pradesh,112,109
T00225,3/1/2023,CUST434,Female,47,Beauty,Skincare,1,284,192,284,192,Karnataka,145,144
T00226,8/30/2023,CUST423,Female,44,Home & Kitchen,Decor,4,831,737,3324,2948,Karnataka,187,183
T00227,7/12/2023,CUST121,Male,43,Beauty,Skincare,4,205,141,820,564,Tamil Nadu,78,74
T00228,7/23/2023,CUST775,Male,52,Electronics,Accessories,4,868,782,3472,3128,Uttar Pradesh,188,184
T00229,2/2/2023,CUST745,Female,32,Sports,Sportswear,4,1090,793,4360,3172,Maharashtra,75,71
T00230,8/14/2023,CUST384,Male,21,Sports,Fitness,1,277,192,277,192,Tamil Nadu,64,63
T00231,10/12/2023,CUST256,,28,Home & Kitchen,Cookware,4,1206,856,4824,3424,Gujarat,133,129
T00232,1/22/2023,CUST558,Female,44,Sports,Sportswear,3,1109,956,3327,2868,Gujarat,141,138
T00233,1/21/2023,CUST402,Female,33,Sports,Fitness,1,849,675,849,675,Delhi,180,179
T00234,9/14/2023,CUST669,Male,55,Home & Kitchen,Furniture,3,910,771,2730,2313,Gujarat,74,71
T00235,10/7/2023,CUST623,Male,35,Beauty,Haircare,3,691,524,2073,1572,Gujarat,109,106
T00236,5/25/2023,CUST704,Male,25,Electronics,Laptops,3,667,508,2001,1524,Uttar Pradesh,180,177
T00237,12/15/2023,CUST792,Female,41,Sports,Fitness,4,1140,971,4560,3884,Karnataka,64,60
T00238,6/2/2023,CUST833,Female,31,Sports,Sportswear,3,292,213,876,639,Uttar Pradesh,58,55
T00239,6/15/2023,CUST930,Female,39,Home & Kitchen,Decor,2,526,393,1052,786,Delhi,121,119
T00240,3/5/2023,CUST816,Male,34,Beauty,Makeup,4,711,518,2844,2072,Gujarat,131,127
T00241,4/5/2023,CUST265,Male,49,Electronics,Mobiles,3,1048,725,3144,2175,,151,148
T00242,9/24/2023,CUST313,Female,41,Home & Kitchen,Decor,1,475,318,475,318,Delhi,129,128
T00243,11/6/2023,CUST185,Male,45,Sports,Fitness,4,580,411,2320,1644,Tamil Nadu,146,142
T00244,1/2/2023,CUST324,Male,50,Electronics,Laptops,1,463,416,463,416,Uttar Pradesh,165,164
T00245,6/3/2023,CUST202,Male,19,Electronics,Mobiles,2,840,611,1680,1222,Tamil Nadu,192,190
T00246,4/16/2023,CUST986,Male,57,Beauty,Skincare,3,309,212,927,636,Delhi,58,55
T00247,9/19/2023,CUST172,Male,56,Home & Kitchen,Decor,3,812,587,2436,1761,Delhi,57,54
T00248,11/24/2023,CUST789,Female,45,Clothing,Shirts,2,1083,805,2166,1610,Gujarat,176,174
T00249,1/7/2023,CUST558,Male,37,Beauty,Skincare,4,846,593,3384,2372,Uttar Pradesh,176,172
T00250,1/3/2023,CUST226,Female,58,Clothing,Shirts,4,859,758,3436,3032,Delhi,61,57
T00251,3/28/2023,CUST623,Female,30,Home & Kitchen,Decor,1,1051,885,1051,885,Uttar Pradesh,104,103
T00252,8/26/2023,CUST455,Male,25,Home & Kitchen,Decor,1,1105,811,1105,811,Uttar Pradesh,100,99
T00253,10/27/2023,CUST693,Male,23,Clothing,Jeans,2,848,688,1696,1376,Karnataka,105,103
T00254,12/27/2023,CUST158,Male,20,Beauty,Makeup,4,384,280,1536,1120,Karnataka,142,138
T00255,7/26/2023,CUST452,Female,24,Electronics,Mobiles,4,381,257,1524,1028,Delhi,73,69
T00256,10/20/2023,CUST615,Female,45,Beauty,Skincare,4,1030,791,4120,3164,Delhi,99,95
T00257,6/26/2023,CUST707,Female,58,Clothing,Shirts,4,159,126,636,504,Gujarat,115,111
T00258,12/1/2023,CUST517,Female,53,Home & Kitchen,Decor,2,1032,690,2064,1380,Maharashtra,174,172
T00259,9/25/2023,CUST742,Male,35,Sports,Fitness,4,1018,852,4072,3408,Uttar Pradesh,75,71
T00260,1/8/2023,CUST199,Female,47,Sports,Sportswear,3,836,669,2508,2007,Karnataka,51,48
T00261,10/20/2023,CUST936,Female,55,Electronics,Accessories,1,562,493,562,493,Gujarat,174,173
T00262,4/21/2023,CUST113,Male,56,Sports,Sportswear,1,793,696,793,696,Uttar Pradesh,194,193
T00263,12/11/2023,CUST127,Male,19,Clothing,T-Shirts,3,850,691,2550,2073,Maharashtra,94,91
T00264,10/30/2023,CUST386,Male,28,Clothing,Jeans,2,194,166,388,332,Tamil Nadu,142,140
T00265,9/23/2023,CUST943,Male,47,Clothing,T-Shirts,1,585,488,585,488,Tamil Nadu,50,49
T00266,11/9/2023,CUST675,Female,37,Clothing,Jackets,4,185,133,740,532,Tamil Nadu,98,94
T00267,4/30/2023,CUST655,Male,45,Home & Kitchen,Decor,3,1042,881,3126,2643,Gujarat,197,194
T00268,11/30/2023,CUST741,Male,26,Clothing,Jeans,3,345,308,1035,924,Gujarat,50,47
T00269,4/29/2023,CUST134,,23,Sports,Outdoor,1,1153,940,1153,940,Gujarat,61,60
T00270,10/3/2023,CUST792,Male,41,Beauty,Skincare,3,155,104,465,312,Karnataka,99,96
T00271,10/12/2023,CUST284,Male,56,Beauty,Haircare,3,430,329,1290,987,Tamil Nadu,87,84
T00272,12/6/2023,CUST250,Male,33,Sports,Fitness,2,386,282,772,564,Maharashtra,134,132
T00273,5/9/2023,CUST875,Male,46,Electronics,Laptops,4,462,311,1848,1244,Delhi,83,79
T00274,7/12/2023,CUST410,Male,43,Home & Kitchen,Decor,3,929,715,2787,2145,Tamil Nadu,194,191
T00275,1/26/2023,CUST747,Male,57,Sports,Outdoor,1,188,127,188,127,Maharashtra,95,94
T00276,10/16/2023,CUST100,Male,36,Beauty,Makeup,3,871,693,2613,2079,Gujarat,118,115
T00277,12/27/2023,CUST701,Male,45,Home & Kitchen,Cookware,2,1119,999,2238,1998,Delhi,122,120
T00278,6/10/2023,CUST780,Female,42,Sports,Outdoor,4,883,777,3532,3108,Delhi,117,113
T00279,4/8/2023,CUST480,Female,55,Beauty,Haircare,2,1190,933,2380,1866,Gujarat,131,129
T00280,10/6/2023,CUST950,Female,28,Clothing,Jeans,1,274,208,274,208,Maharashtra,138,137
T00281,8/1/2023,CUST754,Female,18,Clothing,Jackets,4,860,649,3440,2596,Maharashtra,196,192
T00282,11/12/2023,CUST704,Male,42,Home & Kitchen,Decor,1,392,314,392,314,Karnataka,151,150
T00283,9/24/2023,CUST966,Male,25,Sports,Fitness,2,952,678,1904,1356,Uttar Pradesh,58,56
T00284,1/3/2023,CUST184,Male,43,Clothing,T-Shirts,4,733,567,2932,2268,Maharashtra,166,162
T00285,8/9/2023,CUST253,Male,42,Home & Kitchen,Furniture,4,307,234,1228,936,Karnataka,93,89
T00286,8/16/2023,CUST882,Female,40,Beauty,Skincare,2,1070,772,2140,1544,Maharashtra,70,68
T00287,4/17/2023,CUST435,Female,32,Beauty,Skincare,1,863,689,863,689,Gujarat,117,116
T00288,10/4/2023,CUST240,Male,39,Electronics,Accessories,3,248,191,744,573,Gujarat,166,163
T00289,2/21/2023,CUST593,Male,44,Clothing,T-Shirts,1,1082,823,1082,823,Maharashtra,193,192
T00290,4/16/2023,CUST519,Male,47,Sports,Outdoor,2,686,460,1372,920,Gujarat,139,137
T00291,12/11/2023,CUST449,Female,28,Sports,Fitness,3,836,713,2508,2139,Tamil Nadu,190,187
T00292,6/8/2023,CUST682,Male,59,Beauty,Makeup,1,491,331,491,331,Karnataka,167,166
T00293,9/20/2023,CUST921,Female,18,Beauty,Haircare,4,188,139,752,556,Maharashtra,172,168
T00294,5/21/2023,CUST986,Male,39,Electronics,Laptops,2,754,564,1508,1128,Karnataka,75,73
T00295,1/9/2023,CUST882,Female,27,Electronics,Accessories,4,675,470,2700,1880,Maharashtra,121,117
T00296,6/1/2023,CUST819,Female,43,Clothing,Jackets,3,971,802,2913,2406,Tamil Nadu,68,65
T00297,4/10/2023,CUST159,Male,56,Beauty,Skincare,2,1166,829,2332,1658,Delhi,118,116
T00298,6/24/2023,CUST660,,52,Clothing,Shirts,4,1040,877,4160,3508,Karnataka,199,195
T00299,10/20/2023,CUST754,Male,52,Beauty,Skincare,4,387,286,1548,1144,Maharashtra,127,123
T00300,3/18/2023,CUST608,Male,42,Beauty,Makeup,2,465,347,930,694,Karnataka,195,193
T00301,11/19/2023,CUST653,Female,56,Electronics,Mobiles,1,1082,723,1082,723,Tamil Nadu,95,94
T00302,1/19/2023,CUST679,Female,43,Home & Kitchen,Cookware,2,751,621,1502,1242,Karnataka,85,83
T00303,8/20/2023,CUST840,Female,50,Beauty,Skincare,4,335,273,1340,1092,Uttar Pradesh,172,168
T00304,3/11/2023,CUST524,Female,56,Electronics,Accessories,4,714,498,2856,1992,Maharashtra,54,50
T00305,1/27/2023,CUST259,Female,38,Home & Kitchen,Furniture,4,1214,892,4856,3568,Karnataka,93,89
T00306,2/27/2023,CUST358,Female,39,Beauty,Skincare,2,184,147,368,294,Gujarat,151,149
T00307,7/28/2023,CUST902,Male,51,Home & Kitchen,Cookware,3,583,519,1749,1557,Gujarat,93,90
T00308,2/5/2023,CUST552,Male,30,Electronics,Accessories,1,851,721,851,721,Karnataka,155,154
T00309,6/7/2023,CUST732,Male,33,Beauty,Haircare,4,564,413,2256,1652,Delhi,52,48
T00310,5/24/2023,CUST641,Male,40,Beauty,Makeup,4,1082,977,4328,3908,Maharashtra,153,149
T00311,9/5/2023,CUST463,Male,18,Home & Kitchen,Furniture,1,801,704,801,704,Maharashtra,199,198
T00312,8/19/2023,CUST899,Male,50,Clothing,T-Shirts,1,1192,843,1192,843,Maharashtra,191,190
T00313,10/19/2023,CUST580,Female,40,Clothing,Jackets,2,510,408,1020,816,Tamil Nadu,51,49
T00314,9/6/2023,CUST548,Male,28,Electronics,Mobiles,3,585,457,1755,1371,Delhi,104,101
T00315,9/19/2023,CUST518,Female,39,Sports,Fitness,3,819,617,2457,1851,Delhi,61,58
T00316,8/27/2023,CUST660,Female,59,Clothing,Jackets,2,1047,836,2094,1672,Uttar Pradesh,183,181
T00317,3/8/2023,CUST947,Female,24,Clothing,T-Shirts,4,1029,837,4116,3348,Maharashtra,115,111
T00318,12/13/2023,CUST229,Male,52,Beauty,Haircare,2,1278,962,2556,1924,Karnataka,59,57
T00319,1/25/2023,CUST892,Male,50,Home & Kitchen,Furniture,4,746,646,2984,2584,Uttar Pradesh,129,125
T00320,11/6/2023,CUST337,,20,Sports,Fitness,3,532,459,1596,1377,Maharashtra,166,163
T00321,1/25/2023,CUST178,Male,21,Beauty,Skincare,1,884,595,884,595,Maharashtra,145,144
T00322,4/2/2023,CUST752,Male,48,Home & Kitchen,Decor,2,1076,888,2152,1776,Gujarat,183,181
T00323,6/9/2023,CUST960,Male,19,Sports,Outdoor,4,537,428,2148,1712,Maharashtra,54,50
T00324,9/23/2023,CUST444,Male,19,Beauty,Makeup,2,1118,995,2236,1990,Uttar Pradesh,105,103
T00325,3/24/2023,CUST198,Male,38,Beauty,Skincare,1,970,804,970,804,Delhi,56,55
T00326,3/21/2023,CUST499,Male,50,Sports,Outdoor,4,798,670,3192,2680,Gujarat,150,146
T00327,12/25/2023,CUST479,Female,46,Home & Kitchen,Cookware,4,993,690,3972,2760,Maharashtra,112,108
T00328,4/26/2023,CUST802,,52,Clothing,Jackets,3,741,573,2223,1719,Tamil Nadu,135,132
T00329,5/13/2023,CUST609,Female,19,Electronics,Accessories,2,591,533,1182,1066,Karnataka,128,126
T00330,5/29/2023,CUST749,Male,40,Home & Kitchen,Decor,2,365,271,730,542,Gujarat,62,60
T00331,8/1/2023,CUST341,Male,38,Clothing,Shirts,1,1219,821,1219,821,Delhi,188,187
T00332,7/10/2023,CUST407,Male,43,Beauty,Skincare,2,289,235,578,470,Uttar Pradesh,131,129
T00333,8/20/2023,CUST326,Female,58,Clothing,Shirts,1,584,455,584,455,Karnataka,70,69
T00334,2/11/2023,CUST496,Male,58,Home & Kitchen,Decor,4,991,808,3964,3232,Maharashtra,178,174
T00335,5/10/2023,CUST671,Female,46,Electronics,Laptops,1,956,857,956,857,Gujarat,70,69
T00336,10/11/2023,CUST814,Female,51,Clothing,Jackets,4,1227,906,4908,3624,Maharashtra,128,124
T00337,12/9/2023,CUST955,Female,36,Sports,Fitness,1,997,764,997,764,Karnataka,150,149
T00338,1/8/2023,CUST944,Female,25,Home & Kitchen,Furniture,1,1052,772,1052,772,Uttar Pradesh,66,65
T00339,5/13/2023,CUST247,Male,38,Beauty,Skincare,4,509,418,2036,1672,Maharashtra,188,184
T00340,7/30/2023,CUST490,Male,45,Electronics,Laptops,3,292,257,876,771,Karnataka,143,140
T00341,12/18/2023,CUST619,Female,27,Electronics,Accessories,2,228,174,456,348,Maharashtra,130,128
T00342,8/11/2023,CUST747,Male,57,Clothing,T-Shirts,1,1337,978,1337,978,Karnataka,98,97
T00343,10/19/2023,CUST481,Female,21,Clothing,T-Shirts,2,241,162,482,324,Maharashtra,168,166
T00344,7/9/2023,CUST866,Male,27,Clothing,Jeans,1,274,213,274,213,Maharashtra,51,50
T00345,9/26/2023,CUST792,Male,49,Electronics,Accessories,3,766,569,2298,1707,Uttar Pradesh,60,57
T00346,1/10/2023,CUST882,Male,34,Home & Kitchen,Furniture,4,727,639,2908,2556,Karnataka,108,104
T00347,11/30/2023,CUST223,Female,42,Sports,Outdoor,2,1135,949,2270,1898,Uttar Pradesh,81,79
T00348,6/23/2023,CUST212,Male,38,Clothing,T-Shirts,3,864,704,2592,2112,Uttar Pradesh,88,85
T00349,9/25/2023,CUST332,Female,35,Home & Kitchen,Cookware,1,1001,780,1001,780,Karnataka,185,184
T00350,10/29/2023,CUST459,Female,24,Clothing,Jackets,3,809,691,2427,2073,Gujarat,135,132
T00351,5/30/2023,CUST334,Male,42,Beauty,Skincare,2,815,586,1630,1172,Tamil Nadu,51,49
T00352,1/29/2023,CUST312,Female,32,Home & Kitchen,Cookware,4,991,836,3964,3344,Karnataka,137,133
T00353,2/13/2023,CUST560,Male,39,Clothing,T-Shirts,3,1093,782,3279,2346,Uttar Pradesh,52,49
T00354,7/10/2023,CUST729,Male,36,Clothing,Shirts,3,1044,720,3132,2160,Gujarat,160,157
T00355,10/8/2023,CUST227,Male,54,Beauty,Skincare,3,324,245,972,735,Karnataka,121,118
T00356,5/9/2023,CUST975,Female,22,Sports,Sportswear,3,1131,993,3393,2979,Uttar Pradesh,113,110
T00357,12/28/2023,CUST965,Male,42,Clothing,T-Shirts,2,1095,768,2190,1536,Tamil Nadu,115,113
T00358,4/22/2023,CUST112,Female,26,Clothing,Jackets,4,823,572,3292,2288,Delhi,107,103
T00359,2/23/2023,CUST111,Female,34,Beauty,Haircare,2,419,282,838,564,Gujarat,170,168
T00360,1/20/2023,CUST686,Male,33,Beauty,Makeup,3,1105,858,3315,2574,Uttar Pradesh,150,147
T00361,7/5/2023,CUST231,Female,21,Home & Kitchen,Cookware,4,952,802,3808,3208,Maharashtra,86,82
T00362,8/18/2023,CUST568,Male,57,Sports,Outdoor,3,139,103,417,309,Delhi,53,50
T00363,7/7/2023,CUST156,Male,37,Home & Kitchen,Cookware,1,813,629,813,629,Gujarat,63,62
T00364,1/3/2023,CUST827,Male,54,Clothing,Jackets,4,418,303,1672,1212,Uttar Pradesh,169,165
T00365,9/11/2023,CUST635,Female,51,Beauty,Haircare,2,996,824,1992,1648,Karnataka,109,107
T00366,11/1/2023,CUST418,Male,36,Clothing,Jackets,2,1015,726,2030,1452,Delhi,107,105
T00367,4/27/2023,CUST967,Female,36,Home & Kitchen,Furniture,4,501,436,2004,1744,Maharashtra,162,158
T00368,7/2/2023,CUST580,Female,35,Beauty,Skincare,3,400,299,1200,897,Karnataka,96,93
T00369,11/9/2023,CUST217,Male,50,Electronics,Laptops,1,875,674,875,674,Uttar Pradesh,96,95
T00370,7/17/2023,CUST658,Female,31,Electronics,Mobiles,4,592,445,2368,1780,Uttar Pradesh,193,189
T00371,11/21/2023,CUST604,Male,27,Beauty,Makeup,2,343,249,686,498,Delhi,143,141
T00372,9/11/2023,CUST729,Male,23,Electronics,Mobiles,1,1324,937,1324,937,Gujarat,196,195
T00373,2/4/2023,CUST401,Male,43,Clothing,Shirts,3,564,439,1692,1317,Karnataka,98,95
T00374,3/15/2023,CUST803,Male,22,Sports,Outdoor,4,249,220,996,880,Delhi,88,84
T00375,5/9/2023,CUST891,Male,53,Sports,Outdoor,2,180,152,360,304,Uttar Pradesh,157,155
T00376,7/7/2023,CUST668,Male,48,Electronics,Laptops,4,1025,691,4100,2764,Uttar Pradesh,157,153
T00377,4/16/2023,CUST513,Male,39,Electronics,Mobiles,4,421,348,1684,1392,Tamil Nadu,63,59
T00378,4/30/2023,CUST947,Female,33,Electronics,Accessories,2,699,486,1398,972,Maharashtra,119,117
T00379,2/13/2023,CUST940,Female,53,Beauty,Skincare,4,191,142,764,568,Gujarat,156,152
T00380,1/21/2023,CUST295,Male,50,Sports,Outdoor,3,602,413,1806,1239,Uttar Pradesh,197,194
T00381,5/23/2023,CUST298,Female,38,Home & Kitchen,Decor,2,1196,845,2392,1690,Karnataka,191,189
T00382,11/9/2023,CUST264,Male,38,Sports,Fitness,2,320,230,640,460,Gujarat,98,96
T00383,12/11/2023,CUST952,Male,29,Clothing,Jeans,1,294,265,294,265,Gujarat,166,165
T00384,7/15/2023,CUST994,Female,59,Home & Kitchen,Cookware,1,1146,866,1146,866,Uttar Pradesh,130,129
T00385,6/1/2023,CUST672,Male,51,Beauty,Skincare,4,846,751,3384,3004,Tamil Nadu,135,131
T00386,6/26/2023,CUST628,Female,51,Home & Kitchen,Cookware,2,437,304,874,608,Uttar Pradesh,123,121
T00387,12/7/2023,CUST616,Female,19,Electronics,Accessories,2,1183,865,2366,1730,Tamil Nadu,147,145
T00388,5/24/2023,CUST979,Male,56,Beauty,Skincare,2,511,362,1022,724,Gujarat,87,85
T00389,2/28/2023,CUST749,Female,52,Clothing,Jackets,4,1058,815,4232,3260,Uttar Pradesh,81,77
T00390,10/4/2023,CUST631,Female,43,Home & Kitchen,Decor,3,1097,783,3291,2349,Tamil Nadu,192,189
T00391,8/20/2023,CUST312,Male,32,Clothing,Shirts,2,295,245,590,490,Delhi,174,172
T00392,6/17/2023,CUST157,Male,45,Sports,Sportswear,2,795,602,1590,1204,Tamil Nadu,180,178
T00393,2/13/2023,CUST196,Male,59,Sports,Fitness,4,1022,819,4088,3276,Karnataka,72,68
T00394,3/30/2023,CUST478,Female,36,Sports,Sportswear,1,1144,968,1144,968,Delhi,123,122
T00395,1/8/2023,CUST607,Male,45,Beauty,Haircare,1,839,620,839,620,Gujarat,104,103
T00396,2/16/2023,CUST337,Female,57,Home & Kitchen,Furniture,2,334,242,668,484,Uttar Pradesh,61,59
T00397,9/20/2023,CUST947,Male,20,Home & Kitchen,Cookware,1,1108,916,1108,916,Maharashtra,89,88
T00398,8/8/2023,CUST228,Female,25,Beauty,Skincare,1,1085,759,1085,759,Gujarat,150,149
T00399,9/17/2023,CUST465,Female,36,Clothing,T-Shirts,4,287,206,1148,824,Karnataka,168,164
T00400,1/16/2023,CUST228,Male,38,Beauty,Skincare,2,783,671,1566,1342,Delhi,151,149
T00401,8/11/2023,CUST670,Male,44,Sports,Fitness,1,792,604,792,604,Gujarat,74,73
T00402,6/3/2023,CUST481,,22,Home & Kitchen,Decor,3,388,269,1164,807,Gujarat,165,162
T00403,5/14/2023,CUST310,Female,28,Home & Kitchen,Furniture,2,1078,839,2156,1678,Karnataka,180,178
T00404,3/17/2023,CUST575,Male,47,Sports,Outdoor,2,366,320,732,640,Karnataka,83,81
T00405,2/10/2023,CUST406,Female,35,Electronics,Laptops,2,831,652,1662,1304,Gujarat,177,175
T00406,5/30/2023,CUST372,Female,22,Home & Kitchen,Cookware,4,782,524,3128,2096,Uttar Pradesh,82,78
T00407,7/31/2023,CUST992,Female,33,Home & Kitchen,Decor,2,540,393,1080,786,Karnataka,96,94
T00408,7/20/2023,CUST759,Male,18,Electronics,Laptops,4,187,165,748,660,Karnataka,116,112
T00409,1/4/2023,CUST541,Male,42,Sports,Fitness,3,444,375,1332,1125,Uttar Pradesh,106,103
T00410,4/27/2023,CUST401,Male,31,Electronics,Mobiles,4,1243,884,4972,3536,Karnataka,148,144
T00411,9/9/2023,CUST944,Female,32,Home & Kitchen,Cookware,2,994,686,1988,1372,Delhi,140,138
T00412,12/20/2023,CUST987,Female,55,Electronics,Accessories,2,1158,878,2316,1756,Karnataka,84,82
T00413,5/27/2023,CUST641,Male,31,Sports,Outdoor,3,536,480,1608,1440,Karnataka,137,134
T00414,9/27/2023,CUST253,Female,55,Electronics,Laptops,3,297,215,891,645,Uttar Pradesh,159,156
T00415,10/2/2023,CUST812,Male,45,Sports,Sportswear,4,1326,984,5304,3936,Maharashtra,122,118
T00416,9/8/2023,CUST735,Male,36,Home & Kitchen,Decor,3,599,505,1797,1515,Uttar Pradesh,110,107
T00417,6/13/2023,CUST564,Female,47,Electronics,Mobiles,1,143,111,143,111,Gujarat,138,137
T00418,5/22/2023,CUST302,Male,52,Beauty,Makeup,1,517,370,517,370,Tamil Nadu,117,116
T00419,9/21/2023,CUST613,Male,58,Clothing,Jackets,1,924,634,924,634,Tamil Nadu,176,175
T00420,9/12/2023,CUST794,Female,33,Beauty,Makeup,1,1037,854,1037,854,Uttar Pradesh,61,60
T00421,2/4/2023,CUST878,Female,38,Home & Kitchen,Decor,3,832,693,2496,2079,Karnataka,150,147
T00422,6/21/2023,CUST300,Female,26,Clothing,T-Shirts,4,993,882,3972,3528,Uttar Pradesh,114,110
T00423,1/8/2023,CUST400,Female,40,Home & Kitchen,Cookware,3,255,174,765,522,Uttar Pradesh,96,93
T00424,1/15/2023,CUST972,Female,36,Clothing,T-Shirts,2,290,248,580,496,Karnataka,70,68
T00425,11/3/2023,CUST649,Female,37,Electronics,Accessories,1,875,732,875,732,Uttar Pradesh,141,140
T00426,1/28/2023,CUST871,Female,39,Clothing,Jackets,4,733,539,2932,2156,Tamil Nadu,140,136
T00427,12/27/2023,CUST868,Female,25,Sports,Fitness,3,679,466,2037,1398,Karnataka,194,191
T00428,3/2/2023,CUST879,Female,23,Sports,Sportswear,2,1096,917,2192,1834,Delhi,155,153
T00429,4/3/2023,CUST720,Female,52,Electronics,Accessories,4,669,523,2676,2092,Maharashtra,133,129
T00430,11/8/2023,CUST788,Male,30,Home & Kitchen,Decor,1,116,105,116,105,Karnataka,185,184
T00431,2/12/2023,CUST503,Male,50,Electronics,Accessories,2,659,517,1318,1034,Gujarat,111,109
T00432,4/16/2023,CUST462,Female,58,Home & Kitchen,Furniture,1,1014,835,1014,835,Delhi,66,65
T00433,12/10/2023,CUST888,Female,56,Home & Kitchen,Furniture,3,1151,887,3453,2661,Maharashtra,60,57
T00434,5/27/2023,CUST432,Female,18,Beauty,Makeup,4,606,480,2424,1920,Gujarat,158,154
T00435,9/25/2023,CUST544,Male,50,Home & Kitchen,Cookware,1,1106,747,1106,747,Gujarat,57,56
T00436,6/2/2023,CUST958,Male,40,Electronics,Laptops,2,373,332,746,664,Gujarat,133,131
T00437,12/4/2023,CUST757,Male,19,Home & Kitchen,Furniture,4,571,445,2284,1780,Tamil Nadu,131,127
T00438,5/27/2023,CUST850,Female,45,Sports,Fitness,4,876,776,3504,3104,Delhi,171,167
T00439,8/31/2023,CUST754,Male,58,Clothing,Shirts,3,640,471,1920,1413,Maharashtra,100,97
T00440,11/27/2023,CUST365,Female,31,Beauty,Haircare,2,258,225,516,450,Uttar Pradesh,88,86
T00441,1/28/2023,CUST870,Female,37,Beauty,Skincare,2,305,209,610,418,Maharashtra,180,178
T00442,12/16/2023,CUST395,Male,19,Home & Kitchen,Cookware,1,952,725,952,725,Delhi,114,113
T00443,11/7/2023,CUST912,Male,32,Sports,Outdoor,2,1308,919,2616,1838,Karnataka,176,174
T00444,8/11/2023,CUST378,Male,41,Sports,Outdoor,1,202,161,202,161,Maharashtra,156,155
T00445,5/26/2023,CUST519,Male,52,Clothing,T-Shirts,1,425,348,425,348,Uttar Pradesh,171,170
T00446,1/30/2023,CUST287,,51,Home & Kitchen,Furniture,4,1212,840,4848,3360,Maharashtra,128,124
T00447,2/10/2023,CUST162,Male,40,Electronics,Mobiles,4,995,901,3980,3604,Maharashtra,106,102
T00448,4/28/2023,CUST711,Male,50,Home & Kitchen,Cookware,4,510,437,2040,1748,Maharashtra,56,52
T00449,7/15/2023,CUST520,Female,18,Sports,Fitness,1,1177,952,1177,952,Uttar Pradesh,195,194
T00450,5/6/2023,CUST494,Female,55,Electronics,Laptops,4,804,645,3216,2580,Gujarat,165,161
T00451,7/23/2023,CUST585,Male,18,Electronics,Mobiles,3,832,719,2496,2157,Delhi,118,115
T00452,12/10/2023,CUST542,Male,20,Beauty,Skincare,3,253,222,759,666,Maharashtra,156,153
T00453,8/22/2023,CUST662,Male,23,Beauty,Haircare,3,301,232,903,696,Tamil Nadu,171,168
T00454,5/5/2023,CUST648,Male,59,Beauty,Haircare,4,557,383,2228,1532,Uttar Pradesh,67,63
T00455,7/20/2023,CUST468,Male,46,Sports,Fitness,1,750,646,750,646,Karnataka,194,193
T00456,4/19/2023,CUST835,Female,39,Home & Kitchen,Cookware,4,1268,982,5072,3928,Maharashtra,190,186
T00457,6/11/2023,CUST464,Male,39,Home & Kitchen,Decor,1,1085,850,1085,850,Karnataka,91,90
T00458,12/20/2023,CUST515,Male,38,Clothing,Jeans,2,847,710,1694,1420,Delhi,188,186
T00459,12/25/2023,CUST935,Female,18,Sports,Fitness,4,937,625,3748,2500,Uttar Pradesh,190,186
T00460,4/21/2023,CUST965,Female,28,Electronics,Laptops,4,691,462,2764,1848,Uttar Pradesh,131,127
T00461,4/14/2023,CUST313,Female,41,Beauty,Haircare,2,717,515,1434,1030,Uttar Pradesh,57,55
T00462,10/11/2023,CUST616,Male,34,Sports,Outdoor,1,701,589,701,589,Uttar Pradesh,113,112
T00463,4/1/2023,CUST216,Male,51,Electronics,Mobiles,3,537,418,1611,1254,Delhi,198,195
T00464,9/3/2023,CUST494,Male,56,Home & Kitchen,Cookware,4,209,152,836,608,Karnataka,95,91
T00465,1/12/2023,CUST681,Female,34,Sports,Sportswear,3,771,516,2313,1548,Delhi,101,98
T00466,12/18/2023,CUST681,Female,53,Sports,Fitness,2,756,570,1512,1140,Gujarat,192,190
T00467,7/22/2023,CUST803,Male,34,Electronics,Laptops,3,1161,905,3483,2715,Karnataka,141,138
T00468,6/24/2023,CUST850,Male,21,Clothing,Shirts,3,1134,960,3402,2880,Maharashtra,122,119
T00469,11/24/2023,CUST215,Male,34,Electronics,Mobiles,1,1257,862,1257,862,Delhi,196,195
T00470,3/4/2023,CUST905,Male,20,Sports,Outdoor,3,190,128,570,384,Karnataka,80,77
T00471,7/27/2023,CUST213,Male,49,Sports,Outdoor,2,999,719,1998,1438,Gujarat,103,101
T00472,10/25/2023,CUST419,Female,38,Beauty,Haircare,4,1033,838,4132,3352,Maharashtra,84,80
T00473,7/3/2023,CUST385,Male,47,Beauty,Haircare,3,1170,991,3510,2973,Delhi,75,72
T00474,4/23/2023,CUST587,Male,24,Sports,Outdoor,2,157,113,314,226,Maharashtra,74,72
T00475,2/6/2023,CUST100,Male,32,Electronics,Accessories,1,155,105,155,105,Tamil Nadu,177,176
T00476,7/20/2023,CUST226,Male,18,Beauty,Haircare,4,834,730,3336,2920,Karnataka,72,68
T00477,9/22/2023,CUST901,Male,31,Clothing,Shirts,4,798,719,3192,2876,Delhi,124,120
T00478,12/21/2023,CUST683,Male,20,Home & Kitchen,Decor,2,1224,827,2448,1654,Tamil Nadu,83,81
T00479,2/14/2023,CUST672,Female,36,Electronics,Accessories,3,1211,882,3633,2646,Tamil Nadu,194,191
T00480,6/11/2023,CUST845,Female,33,Clothing,Jackets,2,164,145,328,290,Tamil Nadu,62,60
T00481,7/3/2023,CUST210,Female,48,Home & Kitchen,Furniture,4,1106,877,4424,3508,Uttar Pradesh,169,165
T00482,2/24/2023,CUST126,Male,46,Sports,Fitness,3,629,529,1887,1587,Delhi,62,59
T00483,1/21/2023,CUST502,Female,36,Beauty,Skincare,1,921,784,921,784,Tamil Nadu,72,71
T00484,2/1/2023,CUST545,Female,27,Beauty,Makeup,2,1109,839,2218,1678,Delhi,197,195
T00485,6/9/2023,CUST981,Male,31,Clothing,T-Shirts,2,1061,743,2122,1486,Karnataka,128,126
T00486,1/22/2023,CUST129,Female,21,Beauty,Skincare,1,1284,925,1284,925,Karnataka,61,60
T00487,4/29/2023,CUST389,Male,35,Sports,Outdoor,4,748,667,2992,2668,Maharashtra,98,94
T00488,3/20/2023,CUST540,,48,Electronics,Accessories,1,627,560,627,560,Delhi,145,144
T00489,8/2/2023,CUST393,Male,34,Beauty,Skincare,3,804,625,2412,1875,Delhi,183,180
T00490,11/21/2023,CUST988,Female,46,Home & Kitchen,Decor,4,239,192,956,768,Gujarat,196,192
T00491,5/17/2023,CUST773,Male,21,Clothing,T-Shirts,4,1354,916,5416,3664,Karnataka,132,128
T00492,6/26/2023,CUST297,Female,29,Electronics,Accessories,3,248,180,744,540,Karnataka,109,106
T00493,8/5/2023,CUST731,Male,27,Sports,Sportswear,3,347,250,1041,750,Uttar Pradesh,62,59
T00494,4/11/2023,CUST635,Female,28,Beauty,Skincare,1,1047,709,1047,709,Karnataka,70,69
T00495,12/6/2023,CUST822,Female,29,Clothing,T-Shirts,1,178,143,178,143,Karnataka,97,96
T00496,12/25/2023,CUST639,Female,58,Beauty,Skincare,3,606,512,1818,1536,Tamil Nadu,154,151
T00497,1/13/2023,CUST309,Male,54,Home & Kitchen,Furniture,1,658,474,658,474,Delhi,186,185
T00498,11/25/2023,CUST265,Male,28,Electronics,Accessories,2,1058,892,2116,1784,Gujarat,158,156
T00499,12/9/2023,CUST272,Male,51,Beauty,Skincare,1,303,223,303,223,Gujarat,67,66
T00500,1/3/2023,CUST127,Female,23,Sports,Outdoor,4,202,147,808,588,Karnataka,103,99
T00501,3/6/2023,CUST455,Female,38,Sports,Fitness,4,190,139,760,556,Delhi,98,94
T00502,4/28/2023,CUST153,Male,27,Home & Kitchen,Cookware,1,489,341,489,341,Maharashtra,95,94
T00503,1/13/2023,CUST776,Male,55,Electronics,Accessories,4,1182,854,4728,3416,Maharashtra,191,187
T00504,5/18/2023,CUST774,Female,42,Home & Kitchen,Furniture,3,609,464,1827,1392,Tamil Nadu,165,162
T00505,1/24/2023,CUST640,Male,42,Home & Kitchen,Cookware,4,173,137,692,548,Uttar Pradesh,114,110
T00506,12/6/2023,CUST218,Female,45,Home & Kitchen,Furniture,4,1041,796,4164,3184,Tamil Nadu,76,72
T00507,6/30/2023,CUST781,Female,47,Electronics,Accessories,1,251,208,251,208,Maharashtra,82,81
T00508,2/24/2023,CUST618,Male,29,Sports,Sportswear,4,835,611,3340,2444,Karnataka,184,180
T00509,8/16/2023,CUST722,Female,26,Beauty,Skincare,4,1284,909,5136,3636,Maharashtra,94,90
T00510,8/2/2023,CUST158,Female,21,Home & Kitchen,Furniture,4,190,159,760,636,Gujarat,147,143
T00511,8/14/2023,CUST511,Male,30,Clothing,Shirts,3,210,154,630,462,Gujarat,53,50
T00512,3/31/2023,CUST203,Female,26,Home & Kitchen,Cookware,3,1207,807,3621,2421,Delhi,124,121
T00513,5/23/2023,CUST899,Male,45,Home & Kitchen,Decor,2,511,429,1022,858,Karnataka,155,153
T00514,1/26/2023,CUST124,Female,27,Beauty,Skincare,3,719,620,2157,1860,Gujarat,153,150
T00515,3/9/2023,CUST962,Male,45,Clothing,T-Shirts,3,413,334,1239,1002,Uttar Pradesh,101,98
T00516,4/12/2023,CUST315,Female,48,Beauty,Skincare,1,992,721,992,721,Karnataka,163,162
T00517,1/5/2023,CUST695,Female,58,Beauty,Skincare,3,177,140,531,420,Uttar Pradesh,64,61
T00518,8/12/2023,CUST672,Male,38,Clothing,T-Shirts,2,204,169,408,338,Uttar Pradesh,135,133
T00519,7/29/2023,CUST689,Male,27,Electronics,Accessories,2,547,490,1094,980,Uttar Pradesh,55,53
T00520,4/3/2023,CUST619,Female,50,Sports,Fitness,1,1393,983,1393,983,Maharashtra,60,59
T00521,12/17/2023,CUST767,,23,Sports,Sportswear,1,410,277,410,277,Maharashtra,97,96
T00522,7/3/2023,CUST931,Male,43,Home & Kitchen,Furniture,2,737,613,1474,1226,Karnataka,138,136
T00523,10/1/2023,CUST118,Female,40,Electronics,Mobiles,3,323,293,969,879,Tamil Nadu,183,180
T00524,9/17/2023,CUST719,Male,46,Sports,Fitness,3,579,420,1737,1260,Delhi,92,89
T00525,9/2/2023,CUST947,Male,19,Beauty,Haircare,2,910,782,1820,1564,Karnataka,57,55
T00526,12/18/2023,CUST594,Male,47,Home & Kitchen,Cookware,1,724,512,724,512,Delhi,133,132
T00527,3/29/2023,CUST853,Female,39,Clothing,Shirts,1,607,549,607,549,Karnataka,123,122
T00528,2/5/2023,CUST712,Female,45,Electronics,Laptops,4,849,597,3396,2388,Uttar Pradesh,153,149
T00529,11/18/2023,CUST666,Female,,Clothing,Shirts,4,236,186,944,744,Gujarat,170,166
T00530,12/15/2023,CUST550,Female,30,Sports,Sportswear,1,251,207,251,207,Delhi,83,82
T00531,5/9/2023,CUST771,Male,42,Home & Kitchen,Decor,1,722,533,722,533,Maharashtra,197,196
T00532,4/27/2023,CUST705,Male,52,Sports,Sportswear,3,1272,956,3816,2868,Karnataka,66,63
T00533,10/1/2023,CUST784,Female,46,Clothing,Jackets,4,781,616,3124,2464,Maharashtra,163,159
T00534,9/14/2023,CUST157,Male,43,Sports,Outdoor,1,1085,977,1085,977,Maharashtra,108,107
T00535,7/22/2023,CUST140,Male,58,Clothing,Jackets,1,155,132,155,132,Gujarat,147,146
T00536,8/25/2023,CUST832,Female,21,Clothing,Jeans,1,990,747,990,747,Karnataka,198,197
T00537,4/9/2023,CUST687,Female,43,Sports,Fitness,3,440,354,1320,1062,Gujarat,96,93
T00538,11/23/2023,CUST253,Male,57,Home & Kitchen,Decor,1,674,478,674,478,Maharashtra,155,154
T00539,3/25/2023,CUST498,Female,46,Clothing,Jeans,4,330,268,1320,1072,Uttar Pradesh,152,148
T00540,2/15/2023,CUST593,Male,44,Sports,Outdoor,4,531,366,2124,1464,Maharashtra,178,174
T00541,7/14/2023,CUST466,Female,41,Electronics,Mobiles,3,1051,852,3153,2556,Maharashtra,73,70
T00542,1/24/2023,CUST103,Female,20,Home & Kitchen,Decor,2,1169,888,2338,1776,Maharashtra,165,163
T00543,10/6/2023,CUST976,Male,22,Home & Kitchen,Furniture,3,302,215,906,645,Maharashtra,106,103
T00544,9/6/2023,CUST799,Female,23,Electronics,Laptops,1,886,751,886,751,Delhi,152,151
T00545,3/26/2023,CUST416,Female,37,Home & Kitchen,Cookware,3,1002,894,3006,2682,Maharashtra,125,122
T00546,2/7/2023,CUST610,Male,53,Sports,Fitness,3,666,474,1998,1422,Gujarat,107,104
T00547,11/2/2023,CUST641,Female,54,Home & Kitchen,Furniture,1,396,328,396,328,Tamil Nadu,175,174
T00548,2/16/2023,CUST985,Female,53,Sports,Fitness,3,419,298,1257,894,Maharashtra,103,100
T00549,5/29/2023,CUST852,Female,33,Home & Kitchen,Decor,3,663,473,1989,1419,Tamil Nadu,81,78
T00550,6/11/2023,CUST866,Male,26,Electronics,Accessories,1,1069,957,1069,957,Uttar Pradesh,66,65
T00551,11/20/2023,CUST659,Female,42,Beauty,Makeup,3,894,783,2682,2349,Uttar Pradesh,114,111
T00552,7/10/2023,CUST828,Male,53,Electronics,Mobiles,1,1345,940,1345,940,Uttar Pradesh,153,152
T00553,9/28/2023,CUST195,Female,56,Beauty,Skincare,3,946,823,2838,2469,Delhi,171,168
T00554,6/16/2023,CUST608,Female,34,Electronics,Accessories,2,974,826,1948,1652,Tamil Nadu,190,188
T00555,3/11/2023,CUST361,Male,37,Electronics,Laptops,4,277,242,1108,968,Gujarat,98,94
T00556,3/17/2023,CUST979,Female,18,Beauty,Makeup,1,516,442,516,442,Gujarat,81,80
T00557,12/18/2023,CUST227,Female,21,Electronics,Accessories,2,162,114,324,228,Karnataka,127,125
T00558,11/10/2023,CUST900,Male,31,Electronics,Laptops,2,590,494,1180,988,Maharashtra,108,106
T00559,12/5/2023,CUST988,Male,50,Beauty,Makeup,1,746,587,746,587,Karnataka,76,75
T00560,12/2/2023,CUST489,Female,57,Beauty,Skincare,1,1338,965,1338,965,Tamil Nadu,196,195
T00561,7/23/2023,CUST691,Female,27,Clothing,Jackets,1,296,242,296,242,Tamil Nadu,51,50
T00562,1/22/2023,CUST982,Female,54,Electronics,Laptops,4,439,325,1756,1300,Maharashtra,163,159
T00563,9/29/2023,CUST694,,35,Sports,Outdoor,4,792,707,3168,2828,Maharashtra,162,158
T00564,1/12/2023,CUST225,Male,28,Sports,Fitness,1,563,418,563,418,Maharashtra,146,145
T00565,1/5/2023,CUST668,Female,45,Sports,Fitness,2,773,645,1546,1290,Tamil Nadu,82,80
T00566,11/14/2023,CUST149,Male,58,Beauty,Haircare,3,801,710,2403,2130,Uttar Pradesh,96,93
T00567,6/16/2023,CUST551,Male,50,Electronics,Accessories,1,1124,806,1124,806,Uttar Pradesh,63,62
T00568,8/3/2023,CUST502,Male,46,Sports,Sportswear,4,1219,991,4876,3964,Karnataka,112,108
T00569,7/21/2023,CUST460,Male,25,Electronics,Accessories,2,753,505,1506,1010,Maharashtra,115,113
T00570,1/6/2023,CUST669,Male,22,Electronics,Laptops,4,646,463,2584,1852,Karnataka,120,116
T00571,9/23/2023,CUST197,Female,42,Clothing,T-Shirts,3,415,342,1245,1026,Karnataka,123,120
T00572,6/15/2023,CUST121,Female,43,Clothing,T-Shirts,3,743,636,2229,1908,Gujarat,69,66
T00573,2/10/2023,CUST247,Male,36,Electronics,Laptops,4,242,183,968,732,Uttar Pradesh,102,98
T00574,10/17/2023,CUST934,Female,23,Home & Kitchen,Furniture,3,778,607,2334,1821,Uttar Pradesh,145,142
T00575,2/17/2023,CUST425,Female,58,Beauty,Haircare,3,461,344,1383,1032,Karnataka,114,111
T00576,3/24/2023,CUST253,Male,42,Home & Kitchen,Cookware,2,772,651,1544,1302,Gujarat,97,95
T00577,9/5/2023,CUST889,Male,53,Home & Kitchen,Furniture,2,489,436,978,872,Karnataka,162,160
T00578,10/28/2023,CUST167,Female,24,Clothing,Shirts,1,868,588,868,588,Karnataka,187,186
T00579,3/14/2023,CUST336,Female,59,Home & Kitchen,Furniture,4,1051,705,4204,2820,Gujarat,194,190
T00580,11/26/2023,CUST469,Male,44,Electronics,Mobiles,2,574,394,1148,788,Tamil Nadu,134,132
T00581,5/7/2023,CUST508,Male,45,Home & Kitchen,Decor,3,424,333,1272,999,Maharashtra,122,119
T00582,9/5/2023,CUST959,Female,34,Beauty,Haircare,3,807,674,2421,2022,Tamil Nadu,88,85
T00583,9/2/2023,CUST250,Male,49,Electronics,Accessories,4,135,112,540,448,Uttar Pradesh,159,155
T00584,3/10/2023,CUST398,Male,51,Home & Kitchen,Decor,4,533,419,2132,1676,Karnataka,111,107
T00585,11/10/2023,CUST260,Female,28,Sports,Fitness,4,256,173,1024,692,Delhi,187,183
T00586,12/4/2023,CUST649,Male,36,Beauty,Haircare,4,1238,939,4952,3756,Karnataka,180,176
T00587,12/24/2023,CUST932,Female,44,Clothing,Jackets,2,510,362,1020,724,Karnataka,122,120
T00588,4/17/2023,CUST956,Male,56,Beauty,Skincare,1,1288,879,1288,879,Uttar Pradesh,86,85
T00589,5/17/2023,CUST949,Female,38,Electronics,Laptops,2,800,667,1600,1334,Tamil Nadu,163,161
T00590,9/9/2023,CUST718,Female,54,Clothing,Jeans,3,225,158,675,474,Maharashtra,199,196
T00591,5/19/2023,CUST797,Male,30,Clothing,Shirts,4,797,631,3188,2524,Tamil Nadu,156,152
T00592,11/6/2023,CUST187,Male,21,Beauty,Haircare,4,274,195,1096,780,Delhi,170,166
T00593,4/12/2023,CUST137,Male,38,Beauty,Skincare,4,799,565,3196,2260,Tamil Nadu,141,137
T00594,1/21/2023,CUST341,Male,24,Clothing,Jeans,3,1144,833,3432,2499,Maharashtra,84,81
T00595,3/10/2023,CUST228,Female,21,Home & Kitchen,Cookware,4,424,325,1696,1300,Delhi,72,68
T00596,6/2/2023,CUST376,Female,41,Clothing,Jackets,1,1003,845,1003,845,Tamil Nadu,104,103
T00597,12/18/2023,CUST488,Female,53,Home & Kitchen,Furniture,2,546,419,1092,838,Delhi,88,86
T00598,12/2/2023,CUST196,Male,38,Electronics,Laptops,1,599,453,599,453,Uttar Pradesh,84,83
T00599,2/8/2023,CUST761,Female,58,Home & Kitchen,Furniture,2,1185,815,2370,1630,Uttar Pradesh,125,123
T00600,11/9/2023,CUST994,Male,39,Sports,Outdoor,1,335,244,335,244,Karnataka,190,189
T00601,6/9/2023,CUST657,Female,40,Beauty,Skincare,1,274,249,274,249,Uttar Pradesh,183,182
T00602,4/18/2023,CUST117,Male,47,Electronics,Accessories,2,727,587,1454,1174,Gujarat,175,173
T00603,8/23/2023,CUST515,Female,59,Home & Kitchen,Furniture,3,394,317,1182,951,Gujarat,164,161
T00604,6/11/2023,CUST812,Female,59,Home & Kitchen,Furniture,4,443,380,1772,1520,Maharashtra,96,92
T00605,9/3/2023,CUST226,Male,36,Electronics,Laptops,2,442,298,884,596,Maharashtra,121,119
T00606,12/29/2023,CUST608,Male,26,Home & Kitchen,Decor,3,1128,778,3384,2334,Tamil Nadu,123,120
T00607,6/24/2023,CUST548,Female,46,Sports,Outdoor,2,521,395,1042,790,Tamil Nadu,178,176
T00608,4/3/2023,CUST338,Male,30,Electronics,Accessories,4,740,645,2960,2580,Uttar Pradesh,88,84
T00609,5/8/2023,CUST955,Female,43,Beauty,Makeup,1,359,286,359,286,Maharashtra,98,97
T00610,1/7/2023,CUST413,Male,56,Clothing,Jackets,1,1074,799,1074,799,Maharashtra,74,73
T00611,9/8/2023,CUST864,Male,20,Beauty,Haircare,3,1066,897,3198,2691,Gujarat,75,72
T00612,5/24/2023,CUST124,Female,45,Beauty,Skincare,1,835,582,835,582,Tamil Nadu,135,134
T00613,12/2/2023,CUST524,Female,58,Clothing,T-Shirts,3,594,506,1782,1518,Gujarat,64,61
T00614,5/19/2023,CUST792,Female,47,Electronics,Laptops,1,1202,823,1202,823,Tamil Nadu,97,96
T00615,7/13/2023,CUST835,Female,25,Home & Kitchen,Decor,2,623,531,1246,1062,Maharashtra,153,151
T00616,10/19/2023,CUST434,Female,45,Clothing,Jackets,4,772,683,3088,2732,Uttar Pradesh,115,111
T00617,11/29/2023,CUST656,Male,32,Electronics,Mobiles,4,1320,997,5280,3988,Karnataka,116,112
T00618,12/5/2023,CUST102,Male,31,Beauty,Makeup,4,895,648,3580,2592,Uttar Pradesh,181,177
T00619,3/1/2023,CUST983,Female,28,Electronics,Mobiles,2,611,415,1222,830,Delhi,179,177
T00620,3/3/2023,CUST355,Male,26,Clothing,Jeans,4,761,669,3044,2676,Uttar Pradesh,97,93
T00621,5/16/2023,CUST300,Male,54,Clothing,Shirts,4,1104,777,4416,3108,Maharashtra,107,103
T00622,7/28/2023,CUST454,Female,54,Clothing,Jeans,3,920,658,2760,1974,Delhi,120,117
T00623,4/2/2023,CUST364,Male,45,Home & Kitchen,Furniture,2,1134,775,2268,1550,Delhi,180,178
T00624,10/4/2023,CUST675,Female,43,Beauty,Skincare,4,1142,867,4568,3468,Tamil Nadu,111,107
T00625,11/28/2023,CUST781,Male,30,Beauty,Makeup,3,406,344,1218,1032,Maharashtra,108,105
T00626,11/9/2023,CUST139,Female,19,Electronics,Accessories,2,1225,882,2450,1764,Gujarat,188,186
T00627,7/26/2023,CUST435,Female,34,Home & Kitchen,Decor,2,910,727,1820,1454,Gujarat,139,137
T00628,10/6/2023,CUST757,Female,49,Electronics,Laptops,1,475,345,475,345,Gujarat,110,109
T00629,5/9/2023,CUST784,Male,49,Electronics,Mobiles,4,626,517,2504,2068,Maharashtra,149,145
T00630,10/5/2023,CUST685,Male,56,Sports,Sportswear,1,1176,833,1176,833,Gujarat,72,71
T00631,11/22/2023,CUST439,Male,54,Beauty,Haircare,4,549,432,2196,1728,Delhi,50,46
T00632,6/14/2023,CUST674,Male,39,Electronics,Laptops,2,689,474,1378,948,Delhi,128,126
T00633,1/5/2023,CUST927,Male,23,Electronics,Accessories,1,1322,908,1322,908,Tamil Nadu,153,152
T00634,3/18/2023,CUST329,Female,35,Clothing,Shirts,2,1102,773,2204,1546,Karnataka,174,172
T00635,9/13/2023,CUST649,Male,44,Sports,Fitness,4,1345,913,5380,3652,Tamil Nadu,140,136
T00636,3/2/2023,CUST557,Male,20,Electronics,Laptops,1,690,519,690,519,Uttar Pradesh,193,192
T00637,9/10/2023,CUST880,Male,52,Home & Kitchen,Decor,4,1299,903,5196,3612,Tamil Nadu,97,93
T00638,10/18/2023,CUST697,Male,55,Beauty,Makeup,3,1063,788,3189,2364,Delhi,149,146
T00639,7/2/2023,CUST306,Male,52,Home & Kitchen,Decor,3,957,662,2871,1986,Maharashtra,187,184
T00640,12/5/2023,CUST636,Female,21,Sports,Fitness,1,940,674,940,674,Uttar Pradesh,123,122
T00641,3/2/2023,CUST764,Male,37,Beauty,Haircare,4,937,637,3748,2548,Karnataka,159,155
T00642,7/2/2023,CUST639,Male,22,Sports,Sportswear,3,435,290,1305,870,Karnataka,61,58
T00643,2/19/2023,CUST857,Female,59,Clothing,Shirts,4,1231,946,4924,3784,Maharashtra,81,77
T00644,7/8/2023,CUST254,Male,35,Sports,Outdoor,4,1106,948,4424,3792,Tamil Nadu,182,178
T00645,12/9/2023,CUST524,Male,42,Clothing,T-Shirts,1,215,163,215,163,Uttar Pradesh,114,113
T00646,3/5/2023,CUST938,Male,21,Home & Kitchen,Decor,1,361,261,361,261,Delhi,142,141
T00647,5/22/2023,CUST533,Female,37,Clothing,Shirts,2,1077,801,2154,1602,Maharashtra,92,90
T00648,7/26/2023,CUST879,Female,57,Sports,Sportswear,2,1050,717,2100,1434,Delhi,139,137
T00649,4/4/2023,CUST112,Male,30,Beauty,Haircare,2,745,615,1490,1230,Gujarat,85,83
T00650,1/26/2023,CUST686,Female,25,Sports,Fitness,4,470,419,1880,1676,Maharashtra,57,53
T00651,1/29/2023,CUST395,Male,43,Home & Kitchen,Furniture,2,1244,924,2488,1848,Karnataka,193,191
T00652,11/14/2023,CUST846,Male,24,Electronics,Mobiles,4,1275,877,5100,3508,Maharashtra,137,133
T00653,9/13/2023,CUST610,Male,26,Home & Kitchen,Decor,3,333,281,999,843,Maharashtra,168,165
T00654,11/9/2023,CUST363,Male,32,Clothing,Jeans,3,919,798,2757,2394,Gujarat,173,170
T00655,8/19/2023,CUST408,Male,29,Clothing,Jackets,1,1023,702,1023,702,Karnataka,196,195
T00656,1/11/2023,CUST197,Male,24,Clothing,Jeans,4,324,251,1296,1004,Uttar Pradesh,99,95
T00657,12/24/2023,CUST827,Female,27,Beauty,Makeup,4,291,251,1164,1004,Delhi,180,176
T00658,10/20/2023,CUST737,Female,57,Beauty,Makeup,4,601,496,2404,1984,Karnataka,153,149
T00659,4/20/2023,CUST291,Female,25,Clothing,Jackets,1,356,309,356,309,Maharashtra,88,87
T00660,1/28/2023,CUST148,,53,Clothing,Jackets,1,555,372,555,372,Tamil Nadu,75,74
T00661,3/27/2023,CUST615,Male,48,Sports,Outdoor,2,590,408,1180,816,Maharashtra,176,174
T00662,10/5/2023,CUST741,Female,48,Beauty,Haircare,3,991,736,2973,2208,Gujarat,59,56
T00663,5/8/2023,CUST337,Female,41,Clothing,Jeans,3,120,103,360,309,Gujarat,136,133
T00664,5/25/2023,CUST164,Female,48,Electronics,Mobiles,3,632,456,1896,1368,Gujarat,58,55
T00665,10/5/2023,CUST188,Female,35,Electronics,Mobiles,3,1356,993,4068,2979,Karnataka,155,152
T00666,9/28/2023,CUST930,Female,56,Beauty,Skincare,1,1442,991,1442,991,Gujarat,197,196
T00667,8/6/2023,CUST830,Male,38,Beauty,Skincare,2,714,524,1428,1048,Uttar Pradesh,125,123
T00668,2/7/2023,CUST310,Female,24,Clothing,Jackets,1,1103,874,1103,874,Karnataka,88,87
T00669,7/15/2023,CUST286,Male,42,Home & Kitchen,Cookware,4,252,213,1008,852,Tamil Nadu,130,126
T00670,8/17/2023,CUST489,Male,36,Electronics,Accessories,1,805,621,805,621,Maharashtra,144,143
T00671,11/6/2023,CUST231,Male,56,Sports,Fitness,4,594,435,2376,1740,Uttar Pradesh,169,165
T00672,8/8/2023,CUST152,Male,47,Electronics,Laptops,3,348,297,1044,891,Uttar Pradesh,199,196
T00673,4/6/2023,CUST521,Female,25,Beauty,Makeup,3,711,614,2133,1842,Gujarat,81,78
T00674,4/9/2023,CUST486,Female,29,Sports,Sportswear,1,1006,757,1006,757,Tamil Nadu,118,117
T00675,7/9/2023,CUST407,Female,42,Clothing,Jeans,3,354,298,1062,894,Maharashtra,133,130
T00676,1/13/2023,CUST656,Male,59,Sports,Fitness,2,185,148,370,296,Uttar Pradesh,130,128
T00677,9/30/2023,CUST157,Female,25,Beauty,Makeup,2,1409,954,2818,1908,Delhi,121,119
T00678,9/21/2023,CUST414,Male,43,Clothing,Jeans,3,1181,918,3543,2754,Uttar Pradesh,65,62
T00679,1/2/2023,CUST857,Male,35,Home & Kitchen,Cookware,3,956,637,2868,1911,Gujarat,145,142
T00680,8/9/2023,CUST337,Male,47,Electronics,Laptops,2,282,254,564,508,Gujarat,198,196
T00681,4/22/2023,CUST666,Male,34,Sports,Fitness,4,416,304,1664,1216,Tamil Nadu,157,153
T00682,2/22/2023,CUST570,Female,47,Home & Kitchen,Decor,1,1277,868,1277,868,Delhi,160,159
T00683,1/1/2023,CUST143,Female,52,Home & Kitchen,Decor,3,602,504,1806,1512,Gujarat,64,61
T00684,5/20/2023,CUST580,Male,31,Electronics,Laptops,1,785,647,785,647,Tamil Nadu,61,60
T00685,11/17/2023,CUST206,Male,57,Beauty,Makeup,2,634,453,1268,906,Uttar Pradesh,144,142
T00686,9/30/2023,CUST580,Female,49,Home & Kitchen,Furniture,2,941,710,1882,1420,Uttar Pradesh,105,103
T00687,12/8/2023,CUST713,Female,54,Home & Kitchen,Cookware,1,1106,844,1106,844,Tamil Nadu,164,163
T00688,5/19/2023,CUST955,Female,38,Beauty,Haircare,3,407,364,1221,1092,Delhi,152,149
T00689,6/5/2023,CUST372,Male,23,Beauty,Haircare,3,333,273,999,819,Delhi,87,84
T00690,4/29/2023,CUST392,Male,21,Beauty,Makeup,2,424,350,848,700,Delhi,107,105
T00691,9/26/2023,CUST407,Male,49,Electronics,Mobiles,1,992,736,992,736,Maharashtra,132,131
T00692,7/5/2023,CUST351,Male,52,Home & Kitchen,Cookware,2,218,171,436,342,Gujarat,178,176
T00693,7/29/2023,CUST915,Male,57,Clothing,Jeans,1,1106,942,1106,942,Gujarat,163,162
T00694,5/17/2023,CUST466,Male,33,Clothing,Shirts,4,738,636,2952,2544,Delhi,191,187
T00695,8/25/2023,CUST636,Male,51,Sports,Outdoor,3,415,322,1245,966,Maharashtra,122,119
T00696,10/9/2023,CUST459,Female,27,Clothing,Shirts,3,1304,914,3912,2742,Delhi,76,73
T00697,4/23/2023,CUST370,Male,52,Beauty,Makeup,4,1054,878,4216,3512,Uttar Pradesh,144,140
T00698,12/6/2023,CUST239,Male,40,Beauty,Makeup,4,526,382,2104,1528,Karnataka,178,174
T00699,9/3/2023,CUST700,Male,19,Home & Kitchen,Furniture,2,1269,946,2538,1892,Delhi,133,131
T00700,4/26/2023,CUST825,Male,38,Clothing,Jeans,2,616,537,1232,1074,Tamil Nadu,192,190
T00701,9/7/2023,CUST977,Male,32,Electronics,Accessories,2,892,669,1784,1338,Tamil Nadu,171,169
T00702,3/11/2023,CUST724,Male,40,Sports,Fitness,4,712,623,2848,2492,Gujarat,153,149
T00703,5/31/2023,CUST291,Male,20,Beauty,Skincare,4,566,460,2264,1840,Tamil Nadu,110,106
T00704,7/11/2023,CUST104,Female,54,Home & Kitchen,Cookware,4,244,183,976,732,Delhi,122,118
T00705,2/28/2023,CUST851,Male,19,Clothing,T-Shirts,1,983,730,983,730,Karnataka,60,59
T00706,4/18/2023,CUST943,Female,56,Home & Kitchen,Furniture,2,1134,811,2268,1622,Karnataka,174,172
T00707,8/8/2023,CUST989,Male,47,Sports,Fitness,1,182,129,182,129,Maharashtra,80,79
T00708,2/21/2023,CUST956,Male,29,Beauty,Haircare,1,610,512,610,512,Tamil Nadu,160,159
T00709,11/17/2023,CUST860,Female,59,Home & Kitchen,Decor,2,1269,908,2538,1816,Karnataka,71,69
T00710,6/15/2023,CUST710,Male,33,Sports,Fitness,4,272,242,1088,968,Uttar Pradesh,139,135
T00711,5/21/2023,CUST756,Female,55,Home & Kitchen,Furniture,1,619,423,619,423,Tamil Nadu,159,158
T00712,1/14/2023,CUST338,Female,25,Clothing,Jeans,1,869,619,869,619,Delhi,62,61
T00713,8/29/2023,CUST514,Male,52,Clothing,T-Shirts,4,305,207,1220,828,Maharashtra,98,94
T00714,8/5/2023,CUST125,Male,22,Clothing,Shirts,2,544,467,1088,934,Delhi,195,193
T00715,9/30/2023,CUST348,Male,31,Sports,Fitness,2,205,162,410,324,Tamil Nadu,168,166
T00716,1/19/2023,CUST674,Male,52,Sports,Outdoor,1,815,683,815,683,Maharashtra,171,170
T00717,2/13/2023,CUST971,Female,41,Beauty,Skincare,1,722,494,722,494,Uttar Pradesh,99,98
T00718,3/6/2023,CUST454,Male,49,Home & Kitchen,Decor,4,647,472,2588,1888,Tamil Nadu,191,187
T00719,8/27/2023,CUST935,Male,57,Home & Kitchen,Decor,3,185,126,555,378,Uttar Pradesh,181,178
T00720,12/12/2023,CUST383,Male,49,Electronics,Mobiles,1,841,739,841,739,Tamil Nadu,185,184
T00721,10/7/2023,CUST882,Male,48,Home & Kitchen,Furniture,1,548,382,548,382,Delhi,120,119
T00722,12/30/2023,CUST470,Male,56,Clothing,T-Shirts,2,467,385,934,770,Tamil Nadu,79,77
T00723,8/18/2023,CUST757,Female,22,Home & Kitchen,Cookware,1,676,486,676,486,Karnataka,175,174
T00724,6/22/2023,CUST762,Male,22,Sports,Fitness,2,843,586,1686,1172,Uttar Pradesh,157,155
T00725,1/4/2023,CUST192,Male,40,Sports,Sportswear,2,469,326,938,652,Delhi,171,169
T00726,4/6/2023,CUST556,Male,54,Sports,Sportswear,2,757,616,1514,1232,Gujarat,172,170
T00727,11/19/2023,CUST205,Female,28,Electronics,Laptops,3,1457,981,4371,2943,Uttar Pradesh,130,127
T00728,10/24/2023,CUST515,Female,39,Sports,Outdoor,4,1220,825,4880,3300,Gujarat,199,195
T00729,9/4/2023,CUST878,,30,Beauty,Skincare,3,1202,802,3606,2406,Delhi,125,122
T00730,3/28/2023,CUST369,Female,50,Clothing,T-Shirts,2,307,208,614,416,Maharashtra,72,70
T00731,7/21/2023,CUST182,Female,22,Beauty,Skincare,3,803,547,2409,1641,Delhi,74,71
T00732,8/25/2023,CUST347,Female,42,Clothing,Jackets,2,1030,908,2060,1816,Karnataka,107,105
T00733,4/4/2023,CUST474,Female,58,Clothing,T-Shirts,1,933,696,933,696,Maharashtra,59,58
T00734,4/9/2023,CUST558,Female,28,Beauty,Skincare,1,1269,851,1269,851,Delhi,175,174
T00735,3/5/2023,CUST357,Female,29,Electronics,Mobiles,1,535,478,535,478,Tamil Nadu,124,123
T00736,9/29/2023,CUST340,Female,35,Home & Kitchen,Cookware,3,168,126,504,378,Tamil Nadu,55,52
T00737,12/30/2023,CUST590,Male,59,Electronics,Laptops,4,567,428,2268,1712,Maharashtra,179,175
T00738,11/11/2023,CUST382,Male,32,Beauty,Makeup,3,895,776,2685,2328,Maharashtra,168,165
T00739,3/4/2023,CUST991,Male,29,Electronics,Laptops,1,1208,849,1208,849,Karnataka,169,168
T00740,10/19/2023,CUST619,Male,22,Electronics,Mobiles,2,238,186,476,372,Delhi,142,140
T00741,6/24/2023,CUST175,Female,54,Home & Kitchen,Cookware,2,434,352,868,704,Delhi,120,118
T00742,6/29/2023,CUST223,Male,54,Home & Kitchen,Cookware,1,504,401,504,401,Maharashtra,68,67
T00743,4/16/2023,CUST120,Female,54,Clothing,T-Shirts,3,1213,920,3639,2760,Karnataka,74,71
T00744,11/22/2023,CUST930,Male,53,Home & Kitchen,Cookware,2,642,468,1284,936,Karnataka,149,147
T00745,1/30/2023,CUST144,Male,36,Beauty,Haircare,3,986,823,2958,2469,Delhi,167,164
T00746,8/9/2023,CUST967,Male,39,Electronics,Accessories,4,1104,906,4416,3624,Karnataka,196,192
T00747,2/7/2023,CUST681,Male,32,Sports,Fitness,1,299,227,299,227,Karnataka,99,98
T00748,12/4/2023,CUST616,Male,37,Sports,Outdoor,3,951,764,2853,2292,Tamil Nadu,117,114
T00749,10/27/2023,CUST901,Male,30,Clothing,Shirts,2,651,500,1302,1000,Tamil Nadu,117,115
T00750,5/27/2023,CUST589,Male,47,Sports,Fitness,3,923,693,2769,2079,Delhi,132,129
T00751,4/5/2023,CUST280,Female,49,Sports,Outdoor,2,628,491,1256,982,Tamil Nadu,109,107
T00752,9/30/2023,CUST963,Female,33,Sports,Fitness,4,415,281,1660,1124,Tamil Nadu,156,152
T00753,3/29/2023,CUST228,Male,28,Clothing,Jackets,3,254,190,762,570,Maharashtra,160,157
T00754,11/2/2023,CUST706,Male,34,Electronics,Laptops,1,640,543,640,543,Delhi,96,95
T00755,6/30/2023,CUST717,Female,24,Beauty,Haircare,2,838,642,1676,1284,Maharashtra,68,66
T00756,10/23/2023,CUST917,Male,28,Home & Kitchen,Furniture,1,257,222,257,222,Karnataka,76,75
T00757,7/1/2023,CUST916,Female,33,Home & Kitchen,Furniture,2,786,618,1572,1236,Tamil Nadu,77,75
T00758,10/8/2023,CUST195,Male,27,Home & Kitchen,Furniture,4,1167,949,4668,3796,Uttar Pradesh,154,150
T00759,2/11/2023,CUST402,Male,54,Home & Kitchen,Furniture,2,292,218,584,436,Maharashtra,156,154
T00760,10/10/2023,CUST652,Female,33,Home & Kitchen,Cookware,2,355,265,710,530,Karnataka,61,59
T00761,3/14/2023,CUST687,Female,43,Beauty,Skincare,1,940,660,940,660,Uttar Pradesh,69,68
T00762,2/8/2023,CUST159,Female,19,Sports,Fitness,1,981,706,981,706,Gujarat,179,178
T00763,6/8/2023,CUST668,Male,31,Home & Kitchen,Decor,2,212,145,424,290,Karnataka,133,131
T00764,5/5/2023,CUST970,Male,41,Clothing,Shirts,1,185,162,185,162,Tamil Nadu,195,194
T00765,8/4/2023,CUST773,Male,29,Beauty,Haircare,2,317,229,634,458,Gujarat,71,69
T00766,7/25/2023,CUST738,Male,33,Electronics,Mobiles,1,1290,910,1290,910,Karnataka,197,196
T00767,1/18/2023,CUST393,Female,20,Sports,Outdoor,3,122,101,366,303,Delhi,198,195
T00768,4/14/2023,CUST854,Male,31,Electronics,Accessories,3,159,115,477,345,Tamil Nadu,193,190
T00769,12/3/2023,CUST698,Male,31,Electronics,Accessories,1,471,408,471,408,Karnataka,93,92
T00770,6/18/2023,CUST409,Female,51,Clothing,Shirts,1,243,193,243,193,Tamil Nadu,153,152
T00771,9/13/2023,CUST990,Female,31,Clothing,Shirts,3,997,902,2991,2706,Uttar Pradesh,148,145
T00772,9/30/2023,CUST575,Female,36,Home & Kitchen,Decor,2,147,112,294,224,Delhi,190,188
T00773,9/8/2023,CUST823,Male,52,Electronics,Accessories,1,638,563,638,563,Karnataka,144,143
T00774,10/5/2023,CUST936,Male,44,Home & Kitchen,Decor,1,583,451,583,451,Maharashtra,136,135
T00775,4/6/2023,CUST686,Male,56,Home & Kitchen,Decor,3,1236,979,3708,2937,Uttar Pradesh,103,100
T00776,8/6/2023,CUST627,Male,52,Beauty,Makeup,4,890,624,3560,2496,Uttar Pradesh,107,103
T00777,4/21/2023,CUST228,Male,34,Sports,Outdoor,2,968,705,1936,1410,Karnataka,78,76
T00778,4/22/2023,CUST772,Female,20,Beauty,Haircare,4,287,215,1148,860,Tamil Nadu,158,154
T00779,10/3/2023,CUST172,Male,56,Home & Kitchen,Decor,4,724,483,2896,1932,Delhi,190,186
T00780,7/7/2023,CUST540,Female,39,Clothing,Shirts,4,672,499,2688,1996,Maharashtra,135,131
T00781,2/12/2023,CUST310,Male,25,Clothing,Jackets,4,780,596,3120,2384,Delhi,164,160
T00782,1/26/2023,CUST398,Female,30,Electronics,Accessories,4,1081,794,4324,3176,Tamil Nadu,88,84
T00783,9/25/2023,CUST306,Male,48,Sports,Fitness,3,421,310,1263,930,Tamil Nadu,60,57
T00784,10/21/2023,CUST709,Female,36,Sports,Outdoor,4,615,459,2460,1836,Gujarat,162,158
T00785,8/8/2023,CUST676,Male,52,Clothing,T-Shirts,4,681,590,2724,2360,Maharashtra,169,165
T00786,9/20/2023,CUST366,Female,56,Sports,Sportswear,1,1376,997,1376,997,Maharashtra,151,150
T00787,5/20/2023,CUST662,Female,54,Electronics,Accessories,2,1116,759,2232,1518,Uttar Pradesh,62,60
T00788,3/30/2023,CUST480,,21,Home & Kitchen,Cookware,3,1285,938,3855,2814,Gujarat,171,168
T00789,1/11/2023,CUST447,Female,58,Beauty,Haircare,3,995,811,2985,2433,Karnataka,160,157
T00790,11/9/2023,CUST637,Male,42,Home & Kitchen,Cookware,2,588,520,1176,1040,Gujarat,63,61
T00791,11/30/2023,CUST646,Male,47,Clothing,Shirts,4,1278,998,5112,3992,Uttar Pradesh,142,138
T00792,6/22/2023,CUST178,Female,42,Home & Kitchen,Decor,3,135,100,405,300,Tamil Nadu,113,110
T00793,9/3/2023,CUST343,Female,55,Sports,Outdoor,4,1229,832,4916,3328,Maharashtra,71,67
T00794,12/3/2023,CUST821,Female,58,Home & Kitchen,Decor,2,710,530,1420,1060,Gujarat,174,172
T00795,11/2/2023,CUST841,Female,44,Beauty,Skincare,4,428,368,1712,1472,Delhi,53,49
T00796,5/12/2023,CUST526,Female,43,Electronics,Accessories,4,799,597,3196,2388,Tamil Nadu,84,80
T00797,1/8/2023,CUST864,Male,41,Sports,Fitness,3,480,366,1440,1098,Maharashtra,92,89
T00798,10/10/2023,CUST643,Male,31,Sports,Outdoor,1,556,457,556,457,Gujarat,65,64
T00799,12/21/2023,CUST658,Male,48,Sports,Outdoor,4,855,653,3420,2612,Gujarat,88,84
T00800,5/12/2023,CUST641,Female,47,Beauty,Makeup,2,715,529,1430,1058,Maharashtra,85,83
T00801,1/18/2023,CUST189,Female,24,Home & Kitchen,Cookware,1,307,212,307,212,Maharashtra,136,135
T00802,3/31/2023,CUST848,Male,23,Home & Kitchen,Furniture,2,913,643,1826,1286,Karnataka,68,66
T00803,4/11/2023,CUST706,Male,54,Home & Kitchen,Furniture,2,911,705,1822,1410,Tamil Nadu,61,59
T00804,4/28/2023,CUST961,Male,44,Electronics,Laptops,3,1117,984,3351,2952,Karnataka,78,75
T00805,6/10/2023,CUST846,Male,32,Home & Kitchen,Furniture,2,851,680,1702,1360,Karnataka,67,65
T00806,9/16/2023,CUST234,Male,35,Electronics,Mobiles,4,1136,777,4544,3108,Karnataka,157,153
T00807,4/5/2023,CUST477,Female,28,Beauty,Skincare,4,337,279,1348,1116,Maharashtra,147,143
T00808,4/3/2023,CUST121,Female,19,Beauty,Skincare,4,1212,942,4848,3768,Delhi,134,130
T00809,2/24/2023,CUST862,Female,33,Clothing,Jeans,3,788,587,2364,1761,Gujarat,168,165
T00810,9/22/2023,CUST528,Male,39,Electronics,Laptops,4,1192,842,4768,3368,Gujarat,102,98
T00811,11/26/2023,CUST350,Male,56,Sports,Fitness,2,220,172,440,344,Maharashtra,160,158
T00812,12/5/2023,CUST877,Female,45,Sports,Fitness,1,502,448,502,448,Tamil Nadu,160,159
T00813,10/21/2023,CUST688,Female,46,Electronics,Mobiles,3,1082,895,3246,2685,Gujarat,171,168
T00814,12/6/2023,CUST274,Male,21,Beauty,Skincare,3,176,156,528,468,Karnataka,136,133
T00815,1/16/2023,CUST432,Female,20,Home & Kitchen,Decor,4,339,282,1356,1128,Maharashtra,120,116
T00816,1/15/2023,CUST938,Female,55,Home & Kitchen,Furniture,2,351,267,702,534,Tamil Nadu,50,48
T00817,9/23/2023,CUST590,Male,33,Home & Kitchen,Decor,2,652,509,1304,1018,Uttar Pradesh,99,97
T00818,1/12/2023,CUST444,Male,34,Beauty,Haircare,4,276,211,1104,844,Gujarat,170,166
T00819,10/6/2023,CUST270,Male,23,Sports,Outdoor,3,846,756,2538,2268,Gujarat,190,187
T00820,2/12/2023,CUST945,Female,45,Home & Kitchen,Decor,2,824,705,1648,1410,Karnataka,141,139
T00821,6/28/2023,CUST155,Female,44,Beauty,Haircare,4,685,541,2740,2164,Tamil Nadu,117,113
T00822,10/29/2023,CUST348,Male,51,Electronics,Accessories,4,1288,961,5152,3844,Maharashtra,73,69
T00823,4/4/2023,CUST528,Male,30,Sports,Outdoor,1,219,187,219,187,Maharashtra,160,159
T00824,12/4/2023,CUST165,Male,27,Clothing,Jeans,3,248,201,744,603,Tamil Nadu,125,122
T00825,4/24/2023,CUST210,Male,28,Home & Kitchen,Cookware,3,1188,993,3564,2979,Karnataka,63,60
T00826,2/14/2023,CUST527,Male,41,Sports,Sportswear,1,932,668,932,668,Uttar Pradesh,68,67
T00827,12/4/2023,CUST175,Male,45,Beauty,Haircare,4,947,758,3788,3032,Delhi,77,73
T00828,6/29/2023,CUST352,Male,54,Sports,Sportswear,2,1226,901,2452,1802,Delhi,129,127
T00829,10/21/2023,CUST944,Female,40,Clothing,Jackets,4,1150,997,4600,3988,Karnataka,95,91
T00830,11/24/2023,CUST335,Female,39,Clothing,Jeans,1,565,491,565,491,Maharashtra,114,113
T00831,5/14/2023,CUST762,Male,40,Sports,Fitness,3,976,731,2928,2193,Delhi,126,123
T00832,5/26/2023,CUST954,Female,32,Electronics,Accessories,1,814,690,814,690,Delhi,140,139
T00833,10/28/2023,CUST565,Female,41,Beauty,Makeup,3,1015,845,3045,2535,Gujarat,184,181
T00834,2/19/2023,CUST531,Female,37,Beauty,Haircare,3,462,335,1386,1005,Maharashtra,158,155
T00835,11/9/2023,CUST898,Female,38,Sports,Sportswear,2,647,562,1294,1124,Maharashtra,136,134
T00836,5/28/2023,CUST200,Female,45,Clothing,T-Shirts,1,850,725,850,725,Karnataka,107,106
T00837,10/24/2023,CUST233,Male,28,Sports,Outdoor,1,362,318,362,318,Karnataka,124,123
T00838,5/22/2023,CUST933,Male,57,Electronics,Laptops,3,331,257,993,771,Karnataka,68,65
T00839,5/26/2023,CUST340,Male,41,Beauty,Skincare,1,445,328,445,328,Delhi,175,174
T00840,12/11/2023,CUST837,Male,46,Sports,Sportswear,3,1113,828,3339,2484,Uttar Pradesh,122,119
T00841,5/9/2023,CUST141,Female,36,Electronics,Laptops,1,403,342,403,342,Delhi,195,194
T00842,2/3/2023,CUST444,Male,23,Sports,Sportswear,1,651,484,651,484,Gujarat,97,96
T00843,2/8/2023,CUST386,Female,59,Clothing,Jeans,2,671,566,1342,1132,Uttar Pradesh,137,135
T00844,9/1/2023,CUST480,Male,26,Clothing,Jackets,3,153,112,459,336,Delhi,58,55
T00845,4/19/2023,CUST236,Male,43,Home & Kitchen,Furniture,4,419,339,1676,1356,Delhi,170,166
T00846,11/4/2023,CUST168,Female,22,Clothing,Jeans,4,1203,827,4812,3308,Uttar Pradesh,142,138
T00847,1/13/2023,CUST871,Male,59,Sports,Sportswear,1,909,748,909,748,Karnataka,57,56
T00848,3/8/2023,CUST595,Female,26,Beauty,Makeup,2,393,331,786,662,Uttar Pradesh,91,89
T00849,6/13/2023,CUST475,Male,30,Home & Kitchen,Furniture,4,617,421,2468,1684,Delhi,122,118
T00850,11/4/2023,CUST298,Male,19,Clothing,T-Shirts,2,556,470,1112,940,Maharashtra,89,87
T00851,11/16/2023,CUST586,Male,38,Home & Kitchen,Furniture,3,559,447,1677,1341,Gujarat,138,135
T00852,10/14/2023,CUST533,Male,37,Electronics,Mobiles,4,175,149,700,596,Tamil Nadu,62,58
T00853,5/2/2023,CUST970,Female,45,Electronics,Laptops,2,939,754,1878,1508,Gujarat,148,146
T00854,3/23/2023,CUST686,Male,37,Electronics,Accessories,4,847,672,3388,2688,Tamil Nadu,175,171
T00855,11/14/2023,CUST243,Male,41,Sports,Outdoor,1,607,433,607,433,Gujarat,84,83
T00856,7/2/2023,CUST369,Female,36,Electronics,Accessories,2,752,677,1504,1354,Gujarat,98,96
T00857,5/24/2023,CUST210,Male,57,Beauty,Makeup,3,397,324,1191,972,Delhi,132,129
T00858,2/11/2023,CUST372,Male,30,Beauty,Makeup,3,1225,872,3675,2616,Delhi,55,52
T00859,8/3/2023,CUST233,Female,46,Beauty,Haircare,2,518,398,1036,796,Delhi,124,122
T00860,1/26/2023,CUST482,Male,51,Electronics,Laptops,4,1188,822,4752,3288,Gujarat,127,123
T00861,3/31/2023,CUST787,Male,38,Clothing,Jeans,2,975,696,1950,1392,Maharashtra,121,119
T00862,6/28/2023,CUST887,Female,49,Clothing,Shirts,2,1006,873,2012,1746,Delhi,178,176
T00863,6/6/2023,CUST290,Female,25,Sports,Sportswear,4,921,682,3684,2728,Uttar Pradesh,180,176
T00864,9/3/2023,CUST336,Female,57,Sports,Sportswear,3,962,746,2886,2238,Gujarat,136,133
T00865,2/10/2023,CUST222,Female,28,Sports,Fitness,2,698,594,1396,1188,Tamil Nadu,176,174
T00866,7/28/2023,CUST838,Male,22,Clothing,T-Shirts,4,1172,847,4688,3388,Karnataka,148,144
T00867,4/26/2023,CUST369,Female,48,Clothing,Shirts,3,1239,891,3717,2673,Maharashtra,131,128
T00868,2/19/2023,CUST601,Female,31,Clothing,Shirts,2,212,142,424,284,Tamil Nadu,64,62
T00869,2/19/2023,CUST903,Male,25,Clothing,Jeans,3,478,324,1434,972,Uttar Pradesh,154,151
T00870,12/20/2023,CUST587,Female,49,Electronics,Laptops,1,249,225,249,225,Karnataka,62,61
T00871,1/1/2023,CUST645,Female,32,Home & Kitchen,Cookware,4,672,575,2688,2300,Tamil Nadu,131,127
T00872,7/11/2023,CUST864,Male,42,Clothing,Jackets,2,197,157,394,314,Karnataka,179,177
T00873,7/28/2023,CUST456,Male,31,Electronics,Mobiles,1,805,636,805,636,Tamil Nadu,134,133
T00874,9/2/2023,CUST121,Male,52,Sports,Outdoor,1,1140,838,1140,838,Gujarat,162,161
T00875,9/30/2023,CUST947,,19,Sports,Sportswear,4,690,562,2760,2248,Karnataka,183,179
T00876,3/22/2023,CUST424,Male,22,Clothing,Jeans,4,127,101,508,404,Uttar Pradesh,115,111
T00877,9/22/2023,CUST974,Female,53,Clothing,Jackets,2,1201,859,2402,1718,Gujarat,159,157
T00878,4/7/2023,CUST629,Female,24,Beauty,Haircare,1,427,309,427,309,Maharashtra,181,180
T00879,9/17/2023,CUST224,Female,35,Home & Kitchen,Cookware,3,590,437,1770,1311,Uttar Pradesh,77,74
T00880,4/16/2023,CUST204,Female,53,Home & Kitchen,Furniture,4,1187,995,4748,3980,Delhi,136,132
T00881,12/28/2023,CUST571,Male,30,Beauty,Skincare,4,1017,822,4068,3288,Tamil Nadu,88,84
T00882,7/8/2023,CUST525,Male,34,Beauty,Makeup,3,1089,796,3267,2388,Tamil Nadu,79,76
T00883,9/7/2023,CUST965,Male,21,Home & Kitchen,Cookware,3,1016,827,3048,2481,Delhi,56,53
T00884,10/23/2023,CUST681,Female,39,Home & Kitchen,Furniture,2,875,585,1750,1170,Uttar Pradesh,101,99
T00885,12/29/2023,CUST896,Male,38,Sports,Fitness,2,453,411,906,822,Maharashtra,125,123
T00886,10/25/2023,CUST534,Male,23,Electronics,Mobiles,4,1030,914,4120,3656,Karnataka,121,117
T00887,3/6/2023,CUST793,Male,41,Clothing,Jackets,4,190,161,760,644,Uttar Pradesh,112,108
T00888,7/4/2023,CUST927,Female,52,Clothing,Jeans,2,637,439,1274,878,Uttar Pradesh,175,173
T00889,2/11/2023,CUST709,Male,18,Home & Kitchen,Decor,3,561,405,1683,1215,Tamil Nadu,171,168
T00890,9/30/2023,CUST393,Male,31,Clothing,Shirts,3,350,248,1050,744,Delhi,71,68
T00891,2/25/2023,CUST986,Male,36,Beauty,Makeup,1,239,163,239,163,Karnataka,174,173
T00892,11/4/2023,CUST952,Male,46,Electronics,Mobiles,2,252,170,504,340,Delhi,70,68
T00893,1/16/2023,CUST591,Male,57,Home & Kitchen,Cookware,2,789,561,1578,1122,Uttar Pradesh,123,121
T00894,7/11/2023,CUST270,Female,34,Sports,Fitness,1,1228,823,1228,823,Maharashtra,120,119
T00895,4/18/2023,CUST946,Female,51,Home & Kitchen,Furniture,2,1342,957,2684,1914,Delhi,65,63
T00896,11/23/2023,CUST707,Male,36,Electronics,Accessories,2,307,251,614,502,Delhi,189,187
T00897,11/22/2023,CUST249,Female,49,Sports,Fitness,1,792,681,792,681,Uttar Pradesh,107,106
T00898,7/17/2023,CUST310,Male,35,Sports,Fitness,2,527,472,1054,944,Tamil Nadu,184,182
T00899,12/1/2023,CUST143,Male,44,Home & Kitchen,Cookware,2,1050,761,2100,1522,Karnataka,104,102
T00900,7/11/2023,CUST318,Female,22,Beauty,Haircare,1,792,553,792,553,Gujarat,129,128
T00901,3/28/2023,CUST905,Male,33,Home & Kitchen,Decor,2,746,530,1492,1060,Delhi,116,114
T00902,12/9/2023,CUST512,Female,51,Beauty,Skincare,1,1385,944,1385,944,Tamil Nadu,52,51
T00903,11/10/2023,CUST131,Male,48,Home & Kitchen,Furniture,2,1331,932,2662,1864,Karnataka,110,108
T00904,9/27/2023,CUST279,Female,49,Beauty,Haircare,2,487,420,974,840,Gujarat,198,196
T00905,5/6/2023,CUST308,Female,50,Electronics,Mobiles,2,1324,971,2648,1942,Karnataka,100,98
T00906,7/23/2023,CUST155,Female,33,Clothing,Jeans,1,805,573,805,573,Delhi,77,76
T00907,7/28/2023,CUST931,Male,19,Home & Kitchen,Furniture,3,289,199,867,597,Maharashtra,64,61
T00908,3/30/2023,CUST314,Female,39,Clothing,Jackets,4,884,721,3536,2884,Gujarat,123,119
T00909,1/25/2023,CUST200,Male,55,Electronics,Laptops,1,200,173,200,173,Tamil Nadu,169,168
T00910,4/7/2023,CUST756,Male,41,Beauty,Haircare,1,1088,864,1088,864,Tamil Nadu,111,110
T00911,5/17/2023,CUST935,Male,34,Beauty,Skincare,1,365,246,365,246,Delhi,134,133
T00912,5/29/2023,CUST794,Female,46,Home & Kitchen,Furniture,4,251,173,1004,692,Gujarat,91,87
T00913,7/31/2023,CUST200,Male,35,Clothing,Jackets,1,611,435,611,435,Gujarat,181,180
T00914,12/4/2023,CUST503,Female,26,Electronics,Accessories,1,426,331,426,331,Karnataka,68,67
T00915,12/12/2023,CUST637,Male,42,Home & Kitchen,Decor,2,606,408,1212,816,Maharashtra,131,129
T00916,6/30/2023,CUST230,Male,19,Sports,Fitness,1,1220,919,1220,919,Gujarat,125,124
T00917,6/26/2023,CUST795,Male,20,Clothing,T-Shirts,3,1170,817,3510,2451,Gujarat,101,98
T00918,12/22/2023,CUST984,Male,24,Electronics,Laptops,2,1091,767,2182,1534,Karnataka,103,101
T00919,11/14/2023,CUST228,Male,42,Home & Kitchen,Furniture,2,196,156,392,312,Gujarat,141,139
T00920,5/14/2023,CUST247,Male,33,Beauty,Haircare,3,1021,774,3063,2322,Karnataka,139,136
T00921,11/30/2023,CUST298,Female,50,Home & Kitchen,Furniture,2,156,124,312,248,Delhi,117,115
T00922,9/10/2023,CUST558,Female,19,Electronics,Mobiles,2,1006,825,2012,1650,Karnataka,93,91
T00923,9/26/2023,CUST689,Male,41,Beauty,Makeup,2,577,502,1154,1004,Uttar Pradesh,97,95
T00924,3/7/2023,CUST845,Female,26,Electronics,Laptops,3,434,318,1302,954,Karnataka,97,94
T00925,5/10/2023,CUST695,Female,37,Clothing,Jackets,3,1225,945,3675,2835,Uttar Pradesh,89,86
T00926,11/18/2023,CUST611,Female,53,Clothing,Jeans,2,762,616,1524,1232,Gujarat,183,181
T00927,7/11/2023,CUST455,Female,39,Sports,Sportswear,2,563,395,1126,790,Delhi,166,164
T00928,2/20/2023,CUST170,Female,49,Electronics,Accessories,4,740,626,2960,2504,Karnataka,102,98
T00929,4/17/2023,CUST456,Female,24,Home & Kitchen,Furniture,3,862,712,2586,2136,Gujarat,180,177
T00930,3/10/2023,CUST634,Male,54,Beauty,Haircare,1,792,672,792,672,Gujarat,66,65
T00931,6/3/2023,CUST504,Male,25,Clothing,Jackets,1,1178,853,1178,853,Tamil Nadu,155,154
T00932,2/4/2023,CUST730,Male,31,Home & Kitchen,Decor,3,1100,747,3300,2241,Maharashtra,157,154
T00933,4/29/2023,CUST337,Male,51,Beauty,Makeup,1,957,839,957,839,Karnataka,164,163
T00934,9/14/2023,CUST879,Female,56,Beauty,Haircare,4,356,257,1424,1028,Karnataka,134,130
T00935,8/2/2023,CUST220,Male,21,Clothing,Shirts,2,1109,755,2218,1510,Tamil Nadu,130,128
T00936,11/26/2023,CUST965,Female,23,Sports,Outdoor,4,512,396,2048,1584,Delhi,176,172
T00937,5/20/2023,CUST940,Female,19,Home & Kitchen,Decor,4,406,352,1624,1408,Maharashtra,59,55
T00938,7/31/2023,CUST211,Female,25,Electronics,Laptops,4,225,176,900,704,Gujarat,63,59
T00939,8/28/2023,CUST537,Female,38,Home & Kitchen,Decor,2,746,602,1492,1204,Delhi,69,67
T00940,8/4/2023,CUST954,Female,24,Electronics,Laptops,1,551,395,551,395,Karnataka,93,92
T00941,3/27/2023,CUST655,Male,27,Sports,Fitness,3,153,137,459,411,Gujarat,100,97
T00942,8/30/2023,CUST393,Female,41,Clothing,Jackets,3,263,177,789,531,Karnataka,119,116
T00943,12/7/2023,CUST156,,56,Clothing,Jeans,4,746,528,2984,2112,Karnataka,106,102
T00944,9/1/2023,CUST451,Male,29,Clothing,T-Shirts,4,244,203,976,812,Delhi,81,77
T00945,8/22/2023,CUST893,Male,42,Home & Kitchen,Decor,3,1025,813,3075,2439,Karnataka,175,172
T00946,12/9/2023,CUST576,Male,48,Sports,Sportswear,4,876,593,3504,2372,Uttar Pradesh,51,47
T00947,1/18/2023,CUST786,Female,50,Sports,Fitness,1,174,136,174,136,Gujarat,163,162
T00948,9/3/2023,CUST501,Female,41,Beauty,Haircare,4,244,196,976,784,Karnataka,187,183
T00949,12/9/2023,CUST535,Female,28,Home & Kitchen,Furniture,2,1407,973,2814,1946,Karnataka,62,60
T00950,10/23/2023,CUST700,Male,21,Sports,Sportswear,2,856,668,1712,1336,Uttar Pradesh,68,66
T00951,10/6/2023,CUST350,Female,33,Clothing,Jeans,1,236,186,236,186,Maharashtra,185,184
T00952,1/18/2023,CUST156,Male,22,Home & Kitchen,Cookware,2,710,592,1420,1184,Uttar Pradesh,78,76
T00953,9/16/2023,CUST189,Male,57,Home & Kitchen,Furniture,3,269,192,807,576,Maharashtra,179,176
T00954,4/18/2023,CUST767,Female,35,Clothing,Shirts,1,1205,875,1205,875,Gujarat,176,175
T00955,10/9/2023,CUST187,Male,29,Beauty,Skincare,4,184,132,736,528,Gujarat,122,118
T00956,2/1/2023,CUST882,Female,54,Electronics,Accessories,1,998,684,998,684,Gujarat,126,125
T00957,6/18/2023,CUST792,Male,32,Clothing,T-Shirts,2,723,529,1446,1058,Tamil Nadu,148,146
T00958,9/12/2023,CUST242,Male,53,Home & Kitchen,Cookware,1,516,436,516,436,Karnataka,157,156
T00959,1/26/2023,CUST520,Male,40,Sports,Sportswear,1,607,505,607,505,Gujarat,172,171
T00960,5/24/2023,CUST288,Female,21,Clothing,Jeans,4,675,609,2700,2436,Tamil Nadu,93,89
T00961,3/31/2023,CUST456,Male,50,Clothing,T-Shirts,4,700,555,2800,2220,Gujarat,77,73
T00962,11/8/2023,CUST198,Female,22,Home & Kitchen,Cookware,2,1319,942,2638,1884,Karnataka,155,153
T00963,12/31/2023,CUST467,Female,31,Sports,Fitness,3,1143,944,3429,2832,Karnataka,82,79
T00964,3/12/2023,CUST667,Female,58,Clothing,Jackets,4,1396,931,5584,3724,Maharashtra,170,166
T00965,5/23/2023,CUST777,Female,32,Clothing,Shirts,1,550,459,550,459,Maharashtra,59,58
T00966,1/4/2023,CUST962,Male,35,Sports,Outdoor,4,1112,746,4448,2984,Karnataka,147,143
T00967,4/11/2023,CUST620,Female,35,Sports,Outdoor,3,1132,953,3396,2859,Gujarat,154,151
T00968,9/17/2023,CUST960,Female,58,Sports,Sportswear,3,699,500,2097,1500,Uttar Pradesh,129,126
T00969,3/17/2023,CUST727,Male,22,Clothing,T-Shirts,2,615,527,1230,1054,Tamil Nadu,66,64
T00970,9/8/2023,CUST958,Male,41,Clothing,Shirts,3,848,619,2544,1857,Tamil Nadu,139,136
T00971,2/18/2023,CUST545,Female,55,Home & Kitchen,Furniture,3,659,477,1977,1431,Gujarat,117,114
T00972,7/18/2023,CUST314,Female,19,Beauty,Haircare,1,986,723,986,723,Maharashtra,160,159
T00973,6/17/2023,CUST659,Female,51,Clothing,T-Shirts,3,1274,919,3822,2757,Karnataka,129,126
T00974,7/4/2023,CUST466,Female,30,Electronics,Accessories,3,737,499,2211,1497,Gujarat,162,159
T00975,12/8/2023,CUST213,Male,29,Sports,Sportswear,3,177,127,531,381,Uttar Pradesh,93,90
T00976,7/5/2023,CUST954,Male,37,Beauty,Haircare,3,1029,840,3087,2520,Uttar Pradesh,198,195
T00977,5/25/2023,CUST136,Female,30,Sports,Outdoor,3,441,374,1323,1122,Delhi,111,108
T00978,12/22/2023,CUST567,Male,36,Beauty,Makeup,1,310,281,310,281,Maharashtra,166,165
T00979,3/9/2023,CUST606,Male,51,Home & Kitchen,Decor,2,611,409,1222,818,Gujarat,91,89
T00980,10/24/2023,CUST330,Female,22,Electronics,Accessories,2,712,514,1424,1028,Gujarat,177,175
T00981,6/28/2023,CUST504,Female,25,Clothing,Jeans,1,908,748,908,748,Maharashtra,134,133
T00982,1/30/2023,CUST824,Male,26,Sports,Sportswear,1,920,797,920,797,Karnataka,101,100
T00983,10/23/2023,CUST777,Female,36,Clothing,Jeans,4,693,606,2772,2424,Uttar Pradesh,146,142
T00984,8/9/2023,CUST654,Female,53,Home & Kitchen,Furniture,2,425,326,850,652,Maharashtra,106,104
T00985,3/12/2023,CUST318,Female,38,Home & Kitchen,Cookware,4,1387,934,5548,3736,Tamil Nadu,165,161
T00986,7/1/2023,CUST124,Female,45,Clothing,Jackets,1,304,229,304,229,Maharashtra,106,105
T00987,4/3/2023,CUST118,Male,50,Electronics,Laptops,1,898,629,898,629,Gujarat,89,88
T00988,11/19/2023,CUST252,Male,55,Sports,Sportswear,1,408,333,408,333,Tamil Nadu,158,157
T00989,12/20/2023,CUST283,Male,40,Sports,Fitness,2,533,401,1066,802,Delhi,136,134
T00990,7/20/2023,CUST948,Female,19,Electronics,Mobiles,3,1084,954,3252,2862,Tamil Nadu,91,88
T00991,2/11/2023,CUST414,Male,37,Beauty,Skincare,1,136,113,136,113,Delhi,112,111
T00992,3/3/2023,CUST711,Female,36,Beauty,Haircare,1,422,292,422,292,Gujarat,130,129
T00993,2/8/2023,CUST647,Male,57,Clothing,Shirts,1,173,150,173,150,Tamil Nadu,78,77
T00994,7/15/2023,CUST406,Female,41,Clothing,Jeans,2,416,366,832,732,Uttar Pradesh,61,59
T00995,7/29/2023,CUST628,Male,47,Sports,Fitness,4,924,835,3696,3340,Uttar Pradesh,178,174
T00996,12/1/2023,CUST387,Female,26,Electronics,Laptops,3,159,129,477,387,Karnataka,76,73
T00997,7/30/2023,CUST464,Male,29,Electronics,Accessories,4,374,314,1496,1256,Maharashtra,178,174
T00998,1/10/2023,CUST146,Male,49,Sports,Fitness,2,344,264,688,528,Delhi,161,159
T00999,1/27/2023,CUST831,Female,35,Beauty,Makeup,3,299,226,897,678,Karnataka,121,118
T01000,11/6/2023,CUST578,Male,51,Clothing,Jeans,3,519,450,1557,1350,Tamil Nadu,186,183
T01001,7/20/2023,CUST593,Male,25,Sports,Fitness,3,844,640,2532,1920,Uttar Pradesh,191,188
T01002,8/8/2023,CUST257,Female,21,Beauty,Makeup,3,1239,970,3717,2910,Maharashtra,199,196
T01003,6/8/2023,CUST378,Male,37,Electronics,Laptops,1,164,146,164,146,Uttar Pradesh,137,136
T01004,8/5/2023,CUST100,Male,24,Sports,Outdoor,1,212,143,212,143,Karnataka,157,156
T01005,6/27/2023,CUST909,Male,55,Electronics,Laptops,4,1236,977,4944,3908,Karnataka,123,119
T01006,4/18/2023,CUST221,Male,34,Beauty,Makeup,4,512,465,2048,1860,Maharashtra,168,164
T01007,6/11/2023,CUST809,Male,55,Sports,Sportswear,1,907,766,907,766,Tamil Nadu,93,92
T01008,9/28/2023,CUST177,Male,23,Electronics,Laptops,2,582,476,1164,952,Gujarat,52,50
T01009,8/2/2023,CUST953,Female,27,Sports,Fitness,3,195,165,585,495,Tamil Nadu,194,191
T01010,1/7/2023,CUST368,Female,19,Electronics,Laptops,4,250,181,1000,724,Maharashtra,101,97
T01011,5/14/2023,CUST822,Male,22,Clothing,Shirts,4,871,734,3484,2936,Maharashtra,70,66
T01012,1/24/2023,CUST585,Male,21,Home & Kitchen,Decor,4,1362,959,5448,3836,Tamil Nadu,150,146
T01013,6/17/2023,CUST787,Male,52,Sports,Fitness,3,434,341,1302,1023,Maharashtra,117,114
T01014,10/29/2023,CUST945,Female,30,Clothing,Shirts,3,798,680,2394,2040,Karnataka,148,145
T01015,12/3/2023,CUST869,Male,30,Clothing,Jeans,4,355,303,1420,1212,Uttar Pradesh,71,67
T01016,4/17/2023,CUST538,Male,20,Beauty,Haircare,3,1246,834,3738,2502,Maharashtra,118,115
T01017,3/25/2023,CUST714,Female,56,Sports,Sportswear,1,413,303,413,303,Maharashtra,61,60
T01018,1/13/2023,CUST219,Female,27,Home & Kitchen,Furniture,1,582,457,582,457,Karnataka,177,176
T01019,6/22/2023,CUST646,Male,20,Clothing,T-Shirts,4,533,400,2132,1600,Gujarat,120,116
T01020,4/27/2023,CUST283,Female,27,Electronics,Mobiles,2,949,743,1898,1486,Maharashtra,80,78
T01021,3/16/2023,CUST336,Female,24,Electronics,Accessories,1,445,379,445,379,Maharashtra,69,68
T01022,8/14/2023,CUST563,Male,42,Electronics,Accessories,4,324,220,1296,880,Maharashtra,188,184
T01023,11/22/2023,CUST992,Female,40,Beauty,Haircare,3,804,659,2412,1977,Maharashtra,133,130
T01024,3/30/2023,CUST434,Male,46,Sports,Sportswear,4,842,620,3368,2480,Karnataka,71,67
T01025,4/24/2023,CUST338,Female,22,Beauty,Haircare,3,954,841,2862,2523,Delhi,86,83
T01026,8/31/2023,CUST578,Female,27,Beauty,Makeup,3,303,220,909,660,Tamil Nadu,131,128
T01027,3/28/2023,CUST324,Female,33,Electronics,Mobiles,2,812,627,1624,1254,Tamil Nadu,51,49
T01028,12/16/2023,CUST780,Female,33,Clothing,Jackets,3,1172,920,3516,2760,Delhi,94,91
T01029,5/28/2023,CUST891,,44,Clothing,Shirts,2,225,201,450,402,Karnataka,177,175
T01030,1/7/2023,CUST525,Male,55,Beauty,Makeup,1,1275,949,1275,949,Karnataka,192,191
T01031,8/12/2023,CUST253,Female,48,Sports,Sportswear,3,922,762,2766,2286,Uttar Pradesh,174,171
T01032,6/28/2023,CUST138,Female,21,Beauty,Makeup,2,409,337,818,674,Maharashtra,165,163
T01033,1/11/2023,CUST196,Male,55,Home & Kitchen,Decor,2,199,167,398,334,Uttar Pradesh,88,86
T01034,8/11/2023,CUST201,Male,19,Clothing,Shirts,3,251,183,753,549,Gujarat,172,169
T01035,7/12/2023,CUST546,Female,52,Home & Kitchen,Cookware,3,1023,685,3069,2055,Uttar Pradesh,74,71
T01036,2/12/2023,CUST585,Male,37,Clothing,Shirts,3,332,291,996,873,Gujarat,175,172
T01037,3/10/2023,CUST876,Female,19,Electronics,Accessories,2,768,522,1536,1044,Uttar Pradesh,59,57
T01038,4/24/2023,CUST175,Female,53,Beauty,Skincare,2,1159,938,2318,1876,Gujarat,180,178
T01039,8/6/2023,CUST800,Female,38,Sports,Outdoor,1,892,730,892,730,Tamil Nadu,75,74
T01040,3/13/2023,CUST360,Female,32,Home & Kitchen,Furniture,3,212,192,636,576,Karnataka,52,49
T01041,2/16/2023,CUST962,Male,30,Home & Kitchen,Cookware,4,1278,985,5112,3940,Delhi,115,111
T01042,6/4/2023,CUST777,Female,43,Sports,Fitness,2,711,615,1422,1230,Uttar Pradesh,188,186
T01043,9/21/2023,CUST708,Male,24,Beauty,Haircare,4,481,401,1924,1604,Gujarat,134,130
T01044,9/5/2023,CUST887,Male,25,Home & Kitchen,Decor,2,873,645,1746,1290,Karnataka,142,140
T01045,9/22/2023,CUST370,Male,47,Home & Kitchen,Furniture,2,1082,778,2164,1556,Tamil Nadu,85,83
T01046,3/25/2023,CUST464,Female,54,Electronics,Laptops,2,1200,953,2400,1906,Delhi,142,140
T01047,12/2/2023,CUST713,Female,45,Home & Kitchen,Cookware,4,879,615,3516,2460,Delhi,122,118
T01048,9/6/2023,CUST610,Female,44,Electronics,Accessories,4,1238,970,4952,3880,Karnataka,98,94
T01049,8/8/2023,CUST939,Male,40,Sports,Outdoor,1,837,708,837,708,Maharashtra,154,153
T01050,10/10/2023,CUST157,Female,19,Clothing,Shirts,1,1056,783,1056,783,Gujarat,136,135
T01051,11/26/2023,CUST525,Female,42,Clothing,T-Shirts,2,531,396,1062,792,Delhi,107,105
T01052,11/22/2023,CUST664,Female,19,Clothing,Shirts,2,1051,733,2102,1466,Uttar Pradesh,199,197
T01053,10/20/2023,CUST503,Female,56,Home & Kitchen,Cookware,4,485,358,1940,1432,Karnataka,178,174
T01054,4/27/2023,CUST727,Male,47,Electronics,Accessories,1,346,250,346,250,Tamil Nadu,124,123
T01055,8/4/2023,CUST591,Female,43,Beauty,Haircare,1,336,291,336,291,Karnataka,84,83
T01056,1/24/2023,CUST639,Female,53,Electronics,Laptops,4,403,287,1612,1148,Tamil Nadu,193,189
T01057,9/28/2023,CUST860,Male,51,Electronics,Mobiles,3,1102,849,3306,2547,Karnataka,117,114
T01058,10/26/2023,CUST936,Male,52,Beauty,Makeup,1,1199,986,1199,986,Uttar Pradesh,152,151
T01059,10/24/2023,CUST277,Male,40,Beauty,Makeup,3,480,327,1440,981,Delhi,56,53
T01060,2/18/2023,CUST637,Male,50,Sports,Sportswear,1,1126,953,1126,953,Gujarat,176,175
T01061,5/12/2023,CUST375,Female,53,Home & Kitchen,Cookware,4,866,709,3464,2836,Uttar Pradesh,105,101
T01062,2/4/2023,CUST211,Male,47,Electronics,Mobiles,2,535,402,1070,804,Maharashtra,129,127
T01063,11/10/2023,CUST694,Female,18,Home & Kitchen,Decor,1,262,227,262,227,Uttar Pradesh,156,155
T01064,4/19/2023,CUST471,Male,54,Clothing,Shirts,1,670,590,670,590,Maharashtra,195,194
T01065,1/22/2023,CUST165,Female,38,Sports,Sportswear,4,966,714,3864,2856,Gujarat,88,84
T01066,10/12/2023,CUST921,Female,43,Sports,Sportswear,1,636,488,636,488,Gujarat,122,121
T01067,2/18/2023,CUST200,Male,19,Home & Kitchen,Decor,4,137,106,548,424,Gujarat,146,142
T01068,4/9/2023,CUST970,Male,37,Sports,Outdoor,2,277,196,554,392,Uttar Pradesh,131,129
T01069,5/24/2023,CUST487,Female,29,Electronics,Accessories,1,621,487,621,487,Maharashtra,148,147
T01070,12/3/2023,CUST605,Male,59,Sports,Sportswear,4,1108,947,4432,3788,Tamil Nadu,94,90
T01071,12/28/2023,CUST748,Female,50,Clothing,Jeans,4,194,161,776,644,Tamil Nadu,78,74
T01072,4/24/2023,CUST561,Male,42,Sports,Outdoor,3,544,384,1632,1152,Maharashtra,128,125
T01073,12/15/2023,CUST359,Female,35,Beauty,Haircare,2,331,231,662,462,Uttar Pradesh,124,122
T01074,9/27/2023,CUST998,Female,59,Beauty,Makeup,4,189,142,756,568,Delhi,69,65
T01075,2/27/2023,CUST211,Male,42,Sports,Sportswear,1,350,290,350,290,Karnataka,146,145
T01076,4/2/2023,CUST151,Male,54,Beauty,Skincare,4,784,553,3136,2212,Karnataka,167,163
T01077,3/10/2023,CUST656,Male,26,Clothing,Shirts,2,302,247,604,494,Delhi,79,77
T01078,4/24/2023,CUST303,Male,46,Electronics,Laptops,3,341,283,1023,849,Maharashtra,186,183
T01079,3/3/2023,CUST614,Male,21,Electronics,Mobiles,1,1079,738,1079,738,Karnataka,104,103
T01080,5/10/2023,CUST544,Female,58,Clothing,Jeans,4,278,208,1112,832,Maharashtra,179,175
T01081,12/18/2023,CUST944,Female,22,Clothing,T-Shirts,2,211,157,422,314,Gujarat,105,103
T01082,6/20/2023,CUST482,Male,42,Beauty,Makeup,2,760,674,1520,1348,Uttar Pradesh,167,165
T01083,2/24/2023,CUST934,Female,30,Sports,Sportswear,3,752,527,2256,1581,Delhi,102,99
T01084,7/17/2023,CUST910,Male,59,Home & Kitchen,Furniture,4,630,470,2520,1880,Maharashtra,152,148
T01085,12/20/2023,CUST757,Male,38,Clothing,Shirts,4,204,184,816,736,Gujarat,71,67
T01086,6/30/2023,CUST798,Female,47,Clothing,Jeans,2,480,411,960,822,Tamil Nadu,79,77
T01087,9/21/2023,CUST709,Female,26,Beauty,Haircare,3,1252,866,3756,2598,Maharashtra,54,51
T01088,11/27/2023,CUST818,Female,25,Home & Kitchen,Furniture,3,119,108,357,324,Karnataka,75,72
T01089,1/27/2023,CUST801,Male,36,Electronics,Accessories,4,392,280,1568,1120,Maharashtra,82,78
T01090,8/17/2023,CUST708,Male,33,Home & Kitchen,Decor,3,521,445,1563,1335,Karnataka,121,118
T01091,5/13/2023,CUST205,Male,45,Home & Kitchen,Decor,1,1072,847,1072,847,Delhi,71,70
T01092,9/26/2023,CUST511,Male,50,Home & Kitchen,Cookware,3,652,503,1956,1509,Gujarat,166,163
T01093,10/13/2023,CUST893,Female,33,Electronics,Laptops,1,1287,996,1287,996,Maharashtra,179,178
T01094,5/14/2023,CUST657,Female,55,Clothing,T-Shirts,2,997,747,1994,1494,Gujarat,121,119
T01095,11/26/2023,CUST884,Female,46,Sports,Sportswear,2,1140,923,2280,1846,Uttar Pradesh,55,53
T01096,1/26/2023,CUST751,Female,52,Electronics,Mobiles,2,678,589,1356,1178,Karnataka,153,151
T01097,3/30/2023,CUST752,Male,38,Sports,Sportswear,1,322,263,322,263,Karnataka,58,57
T01098,3/20/2023,CUST151,Male,19,Beauty,Skincare,1,1293,934,1293,934,Uttar Pradesh,83,82
T01099,10/18/2023,CUST841,Male,20,Electronics,Accessories,3,181,125,543,375,Maharashtra,196,193
T01100,11/19/2023,CUST309,Female,56,Home & Kitchen,Decor,1,350,257,350,257,Uttar Pradesh,188,187
T01101,5/1/2023,CUST705,Female,21,Home & Kitchen,Furniture,1,1075,976,1075,976,Gujarat,78,77
T01102,7/29/2023,CUST623,Male,30,Electronics,Accessories,1,477,398,477,398,Gujarat,73,72
T01103,4/9/2023,CUST505,Female,53,Clothing,Jeans,3,849,716,2547,2148,Tamil Nadu,192,189
T01104,11/12/2023,CUST450,Female,59,Sports,Outdoor,1,171,118,171,118,Karnataka,113,112
T01105,8/31/2023,CUST869,Female,41,Clothing,Shirts,3,1441,998,4323,2994,Uttar Pradesh,75,72
T01106,1/29/2023,CUST294,Female,31,Electronics,Laptops,4,732,655,2928,2620,Tamil Nadu,116,112
T01107,12/12/2023,CUST492,Male,55,Home & Kitchen,Furniture,3,253,221,759,663,Tamil Nadu,76,73
T01108,12/28/2023,CUST478,Female,23,Electronics,Mobiles,3,1028,795,3084,2385,Tamil Nadu,66,63
T01109,5/7/2023,CUST478,,57,Beauty,Skincare,2,1348,943,2696,1886,Karnataka,95,93
T01110,8/2/2023,CUST314,Male,47,Electronics,Laptops,1,533,360,533,360,Tamil Nadu,148,147
T01111,12/13/2023,CUST827,Male,48,Electronics,Accessories,1,436,346,436,346,Delhi,164,163
T01112,8/8/2023,CUST130,Male,28,Home & Kitchen,Decor,3,458,332,1374,996,Delhi,76,73
T01113,8/15/2023,CUST101,Male,56,Beauty,Skincare,1,929,840,929,840,Tamil Nadu,134,133
T01114,12/15/2023,CUST119,Male,55,Home & Kitchen,Decor,4,932,716,3728,2864,Maharashtra,75,71
T01115,6/18/2023,CUST422,Female,50,Home & Kitchen,Cookware,1,370,255,370,255,Tamil Nadu,189,188
T01116,2/17/2023,CUST924,Male,52,Sports,Outdoor,4,1049,786,4196,3144,Maharashtra,152,148
T01117,7/24/2023,CUST796,Male,20,Beauty,Makeup,4,1276,981,5104,3924,Maharashtra,153,149
T01118,9/3/2023,CUST260,Female,25,Clothing,T-Shirts,4,781,592,3124,2368,Gujarat,165,161
T01119,11/28/2023,CUST816,Female,59,Beauty,Skincare,3,1418,967,4254,2901,Maharashtra,161,158
T01120,10/30/2023,CUST271,Female,26,Beauty,Makeup,4,853,748,3412,2992,Gujarat,126,122
T01121,7/7/2023,CUST606,Female,49,Clothing,T-Shirts,2,828,727,1656,1454,Delhi,118,116
T01122,8/2/2023,CUST307,Male,58,Electronics,Mobiles,2,1020,886,2040,1772,Karnataka,56,54
T01123,1/4/2023,CUST189,Male,22,Clothing,T-Shirts,4,461,360,1844,1440,Uttar Pradesh,78,74
T01124,5/31/2023,CUST856,Female,31,Electronics,Mobiles,3,792,556,2376,1668,Gujarat,194,191
T01125,10/6/2023,CUST156,Male,34,Beauty,Makeup,2,732,582,1464,1164,Uttar Pradesh,68,66
T01126,6/30/2023,CUST458,Female,30,Sports,Sportswear,2,779,541,1558,1082,Gujarat,67,65
T01127,3/14/2023,CUST800,Male,34,Home & Kitchen,Decor,3,446,315,1338,945,Gujarat,150,147
T01128,2/3/2023,CUST695,Male,42,Home & Kitchen,Cookware,4,1382,981,5528,3924,Karnataka,60,56
T01129,12/13/2023,CUST499,Male,43,Sports,Outdoor,1,629,515,629,515,Tamil Nadu,129,128
T01130,1/7/2023,CUST371,Male,52,Sports,Fitness,2,409,361,818,722,Karnataka,84,82
T01131,8/29/2023,CUST120,Male,53,Clothing,Jackets,4,398,332,1592,1328,Delhi,76,72
T01132,6/2/2023,CUST165,Male,26,Beauty,Skincare,4,834,698,3336,2792,Gujarat,152,148
T01133,2/24/2023,CUST868,Male,54,Clothing,T-Shirts,2,1234,925,2468,1850,Delhi,75,73
T01134,5/1/2023,CUST605,Female,24,Beauty,Makeup,2,1067,839,2134,1678,Delhi,108,106
T01135,10/12/2023,CUST717,Female,49,Sports,Outdoor,1,677,567,677,567,Uttar Pradesh,73,72
T01136,4/19/2023,CUST802,Female,44,Clothing,Jackets,1,434,389,434,389,Karnataka,159,158
T01137,2/6/2023,CUST893,Female,26,Electronics,Accessories,4,567,508,2268,2032,Gujarat,155,151
T01138,3/27/2023,CUST566,Female,47,Sports,Sportswear,1,250,199,250,199,Gujarat,60,59
T01139,10/14/2023,CUST532,Female,56,Beauty,Makeup,4,865,755,3460,3020,Delhi,64,60
T01140,4/11/2023,CUST776,Female,32,Electronics,Laptops,1,662,586,662,586,Uttar Pradesh,179,178
T01141,3/25/2023,CUST370,Female,21,Sports,Sportswear,2,1273,940,2546,1880,Delhi,139,137
T01142,11/27/2023,CUST603,Male,19,Sports,Outdoor,3,879,766,2637,2298,Tamil Nadu,67,64
T01143,2/19/2023,CUST217,Female,27,Home & Kitchen,Cookware,3,1163,994,3489,2982,Delhi,157,154
T01144,11/19/2023,CUST792,Male,56,Home & Kitchen,Furniture,2,761,555,1522,1110,Uttar Pradesh,74,72
T01145,1/21/2023,CUST270,Female,32,Beauty,Skincare,3,907,699,2721,2097,Maharashtra,165,162
T01146,11/2/2023,CUST250,Male,30,Beauty,Haircare,1,427,329,427,329,Karnataka,58,57
T01147,5/1/2023,CUST470,Male,52,Beauty,Skincare,1,836,685,836,685,Tamil Nadu,130,129
T01148,2/12/2023,CUST194,Female,51,Sports,Sportswear,2,761,574,1522,1148,Karnataka,149,147
T01149,1/12/2023,CUST336,Male,19,Beauty,Skincare,2,978,751,1956,1502,Karnataka,184,182
T01150,8/10/2023,CUST255,Male,31,Home & Kitchen,Decor,4,351,317,1404,1268,Karnataka,119,115
T01151,12/10/2023,CUST361,Male,44,Beauty,Skincare,2,209,183,418,366,Tamil Nadu,151,149
T01152,10/17/2023,CUST779,Female,32,Electronics,Mobiles,3,780,675,2340,2025,Gujarat,67,64
T01153,2/13/2023,CUST943,Female,45,Sports,Outdoor,4,924,733,3696,2932,Karnataka,188,184
T01154,8/22/2023,CUST774,Male,46,Home & Kitchen,Furniture,2,411,333,822,666,Uttar Pradesh,73,71
T01155,5/16/2023,CUST717,Female,25,Electronics,Accessories,4,586,416,2344,1664,Tamil Nadu,98,94
T01156,12/20/2023,CUST385,Female,25,Sports,Fitness,3,674,609,2022,1827,Maharashtra,86,83
T01157,8/14/2023,CUST106,Female,57,Beauty,Makeup,4,1037,828,4148,3312,Maharashtra,102,98
T01158,8/30/2023,CUST585,Male,21,Electronics,Laptops,2,1008,803,2016,1606,Maharashtra,56,54
T01159,8/18/2023,CUST767,Female,22,Beauty,Haircare,3,691,551,2073,1653,Karnataka,197,194
T01160,3/24/2023,CUST339,Female,28,Home & Kitchen,Decor,4,1283,880,5132,3520,Uttar Pradesh,159,155
T01161,10/17/2023,CUST973,Female,36,Beauty,Haircare,2,697,550,1394,1100,Uttar Pradesh,90,88
T01162,10/31/2023,CUST272,Female,59,Home & Kitchen,Decor,1,849,748,849,748,Delhi,196,195
T01163,2/8/2023,CUST218,Male,32,Home & Kitchen,Furniture,4,453,395,1812,1580,Maharashtra,117,113
T01164,5/27/2023,CUST866,Female,45,Electronics,Laptops,1,1056,706,1056,706,Karnataka,187,186
T01165,12/5/2023,CUST897,Male,39,Electronics,Laptops,3,349,272,1047,816,Gujarat,51,48
T01166,7/23/2023,CUST921,Female,23,Sports,Sportswear,3,594,407,1782,1221,Karnataka,172,169
T01167,8/10/2023,CUST357,Male,26,Beauty,Haircare,3,210,159,630,477,Tamil Nadu,150,147
T01168,9/3/2023,CUST543,Male,50,Beauty,Haircare,3,1138,865,3414,2595,Gujarat,196,193
T01169,6/4/2023,CUST356,Male,50,Home & Kitchen,Cookware,2,886,612,1772,1224,Karnataka,175,173
T01170,9/21/2023,CUST668,Male,59,Electronics,Mobiles,2,521,373,1042,746,Gujarat,103,101
T01171,3/25/2023,CUST853,Male,42,Sports,Fitness,3,471,415,1413,1245,Maharashtra,95,92
T01172,10/5/2023,CUST750,Male,25,Clothing,Jackets,3,757,537,2271,1611,Uttar Pradesh,87,84
T01173,5/16/2023,CUST921,Female,54,Beauty,Skincare,3,140,112,420,336,Karnataka,128,125
T01174,8/24/2023,CUST994,,34,Sports,Fitness,1,782,572,782,572,Uttar Pradesh,58,57
T01175,10/16/2023,CUST543,Male,46,Home & Kitchen,Cookware,1,842,619,842,619,Delhi,59,58
T01176,9/19/2023,CUST859,Female,30,Beauty,Skincare,1,215,169,215,169,Gujarat,185,184
T01177,1/10/2023,CUST468,Female,58,Clothing,Shirts,3,1035,714,3105,2142,Karnataka,60,57
T01178,4/28/2023,CUST263,Male,56,Home & Kitchen,Furniture,1,446,319,446,319,Gujarat,153,152
T01179,2/25/2023,CUST217,Male,21,Electronics,Accessories,1,429,358,429,358,Gujarat,126,125
T01180,6/29/2023,CUST514,Female,55,Electronics,Laptops,3,1180,825,3540,2475,Uttar Pradesh,184,181
T01181,1/22/2023,CUST576,Female,28,Clothing,T-Shirts,4,881,637,3524,2548,Uttar Pradesh,152,148
T01182,1/7/2023,CUST739,Male,56,Beauty,Haircare,2,642,502,1284,1004,Delhi,147,145
T01183,11/29/2023,CUST538,Male,53,Clothing,Jackets,1,621,519,621,519,Uttar Pradesh,190,189
T01184,4/3/2023,CUST725,Female,45,Sports,Sportswear,4,491,421,1964,1684,Uttar Pradesh,82,78
T01185,10/3/2023,CUST781,Male,29,Beauty,Skincare,1,596,405,596,405,Uttar Pradesh,161,160
T01186,9/27/2023,CUST958,Female,42,Electronics,Mobiles,1,994,746,994,746,Maharashtra,171,170
T01187,12/29/2023,CUST921,Female,22,Sports,Outdoor,1,641,577,641,577,Delhi,148,147
T01188,2/16/2023,CUST938,Male,55,Electronics,Laptops,4,840,602,3360,2408,Maharashtra,86,82
T01189,4/29/2023,CUST697,Male,25,Electronics,Laptops,1,1021,755,1021,755,Tamil Nadu,130,129
T01190,10/25/2023,CUST303,Female,44,Electronics,Laptops,4,733,499,2932,1996,Delhi,174,170
T01191,3/5/2023,CUST734,Female,46,Home & Kitchen,Furniture,2,996,886,1992,1772,Delhi,68,66
T01192,6/15/2023,CUST649,Female,46,Electronics,Accessories,1,915,773,915,773,Uttar Pradesh,125,124
T01193,3/20/2023,CUST684,Female,56,Sports,Fitness,2,1265,897,2530,1794,Uttar Pradesh,152,150
T01194,8/12/2023,CUST617,Male,52,Electronics,Mobiles,2,428,336,856,672,Karnataka,111,109
T01195,7/29/2023,CUST755,Female,25,Electronics,Accessories,1,456,341,456,341,Maharashtra,135,134
T01196,7/3/2023,CUST732,Female,29,Clothing,Shirts,1,1056,797,1056,797,Tamil Nadu,182,181
T01197,10/6/2023,CUST748,Female,46,Home & Kitchen,Cookware,4,1021,737,4084,2948,Maharashtra,57,53
T01198,10/3/2023,CUST790,,31,Electronics,Laptops,3,344,230,1032,690,Maharashtra,167,164
T01199,4/14/2023,CUST260,Female,48,Home & Kitchen,Decor,3,857,597,2571,1791,Uttar Pradesh,171,168
T01200,4/23/2023,CUST417,Female,40,Home & Kitchen,Cookware,2,721,641,1442,1282,Tamil Nadu,180,178
T01201,7/31/2023,CUST517,Female,47,Home & Kitchen,Decor,1,1234,953,1234,953,Gujarat,195,194
T01202,2/14/2023,CUST207,Female,44,Clothing,Jackets,3,496,335,1488,1005,Karnataka,187,184
T01203,9/24/2023,CUST969,Female,23,Clothing,T-Shirts,3,806,592,2418,1776,Maharashtra,150,147
T01204,5/25/2023,CUST843,Female,57,Home & Kitchen,Cookware,2,1078,775,2156,1550,Karnataka,116,114
T01205,3/23/2023,CUST280,Male,36,Home & Kitchen,Decor,3,357,275,1071,825,Gujarat,195,192
T01206,6/29/2023,CUST782,Female,56,Clothing,Shirts,4,997,743,3988,2972,Gujarat,187,183
T01207,11/23/2023,CUST977,Female,18,Sports,Sportswear,1,1117,969,1117,969,Delhi,73,72
T01208,11/7/2023,CUST636,Female,24,Home & Kitchen,Cookware,3,849,572,2547,1716,Delhi,120,117
T01209,8/13/2023,CUST989,Male,41,Home & Kitchen,Cookware,3,180,132,540,396,Tamil Nadu,190,187
T01210,1/23/2023,CUST694,Male,59,Sports,Outdoor,1,208,147,208,147,Tamil Nadu,189,188
T01211,10/17/2023,CUST554,Female,28,Electronics,Accessories,3,1175,869,3525,2607,Tamil Nadu,80,77
T01212,12/25/2023,CUST626,Male,28,Beauty,Makeup,2,359,303,718,606,Gujarat,65,63
T01213,3/18/2023,CUST904,Male,34,Sports,Fitness,1,175,122,175,122,Maharashtra,151,150
T01214,3/18/2023,CUST328,Male,19,Sports,Fitness,1,1340,911,1340,911,Gujarat,110,109
T01215,1/26/2023,CUST682,Female,56,Electronics,Laptops,3,1022,702,3066,2106,Gujarat,152,149
T01216,7/13/2023,CUST886,Male,21,Beauty,Makeup,2,1289,974,2578,1948,Gujarat,110,108
T01217,4/2/2023,CUST897,Female,24,Electronics,Laptops,1,235,178,235,178,Karnataka,164,163
T01218,9/19/2023,CUST629,Male,27,Sports,Fitness,4,951,775,3804,3100,Uttar Pradesh,150,146
T01219,12/6/2023,CUST151,Female,20,Home & Kitchen,Decor,2,150,123,300,246,Karnataka,194,192
T01220,4/3/2023,CUST920,Male,34,Home & Kitchen,Cookware,2,816,647,1632,1294,Gujarat,135,133
T01221,9/17/2023,CUST775,Female,23,Clothing,Jeans,4,279,205,1116,820,Karnataka,138,134
T01222,6/3/2023,CUST778,Female,37,Beauty,Haircare,1,248,171,248,171,Maharashtra,198,197
T01223,2/15/2023,CUST243,Male,33,Home & Kitchen,Furniture,4,429,344,1716,1376,Karnataka,137,133
T01224,10/2/2023,CUST452,Male,19,Home & Kitchen,Decor,3,1153,886,3459,2658,Uttar Pradesh,199,196
T01225,2/15/2023,CUST212,Female,44,Beauty,Skincare,1,170,144,170,144,Karnataka,170,169
T01226,11/30/2023,CUST251,Female,20,Home & Kitchen,Cookware,3,847,655,2541,1965,Karnataka,97,94
T01227,7/10/2023,CUST561,Female,29,Sports,Outdoor,4,1157,792,4628,3168,Uttar Pradesh,89,85
T01228,6/26/2023,CUST440,Male,40,Clothing,T-Shirts,4,381,291,1524,1164,Uttar Pradesh,123,119
T01229,12/29/2023,CUST991,Female,23,Sports,Outdoor,4,1154,943,4616,3772,Uttar Pradesh,72,68
T01230,6/4/2023,CUST285,Male,54,Sports,Fitness,2,926,706,1852,1412,Tamil Nadu,154,152
T01231,3/29/2023,CUST764,Male,32,Electronics,Mobiles,2,343,281,686,562,Delhi,151,149
T01232,9/10/2023,CUST345,Female,52,Beauty,Makeup,2,1177,790,2354,1580,Karnataka,60,58
T01233,9/25/2023,CUST269,Female,56,Sports,Sportswear,3,544,471,1632,1413,Maharashtra,82,79
T01234,5/21/2023,CUST245,Female,58,Beauty,Haircare,2,208,162,416,324,Tamil Nadu,80,78
T01235,11/7/2023,CUST352,Female,58,Home & Kitchen,Decor,2,708,505,1416,1010,Uttar Pradesh,52,50
T01236,10/26/2023,CUST514,Male,23,Beauty,Haircare,3,236,181,708,543,Gujarat,158,155
T01237,4/26/2023,CUST703,Female,27,Home & Kitchen,Decor,2,1035,717,2070,1434,Delhi,120,118
T01238,3/23/2023,CUST471,Female,58,Electronics,Mobiles,4,648,486,2592,1944,Maharashtra,92,88
T01239,6/3/2023,CUST938,Female,55,Beauty,Skincare,2,270,221,540,442,Maharashtra,83,81
T01240,9/14/2023,CUST566,Female,19,Electronics,Mobiles,1,1125,772,1125,772,Uttar Pradesh,137,136
T01241,11/20/2023,CUST994,Male,29,Electronics,Accessories,2,645,455,1290,910,Maharashtra,175,173
T01242,12/19/2023,CUST891,Male,31,Electronics,Laptops,4,362,322,1448,1288,Tamil Nadu,144,140
T01243,11/7/2023,CUST560,Male,33,Clothing,T-Shirts,4,828,571,3312,2284,Gujarat,129,125
T01244,8/26/2023,CUST420,Male,28,Sports,Fitness,3,151,116,453,348,Delhi,130,127
T01245,7/5/2023,CUST665,Male,56,Electronics,Accessories,2,549,417,1098,834,Tamil Nadu,187,185
T01246,7/6/2023,CUST815,Female,59,Home & Kitchen,Decor,2,460,355,920,710,Karnataka,75,73
T01247,2/25/2023,CUST352,Male,59,Home & Kitchen,Decor,2,415,374,830,748,Karnataka,101,99
T01248,4/1/2023,CUST492,Female,39,Home & Kitchen,Furniture,2,1229,866,2458,1732,Uttar Pradesh,133,131
T01249,2/22/2023,CUST455,Female,57,Beauty,Haircare,1,225,189,225,189,Uttar Pradesh,199,198
T01250,5/26/2023,CUST815,Female,59,Sports,Outdoor,3,129,111,387,333,Delhi,97,94
T01251,5/6/2023,CUST338,Male,24,Home & Kitchen,Cookware,4,510,362,2040,1448,Maharashtra,86,82
T01252,7/30/2023,CUST264,Female,34,Electronics,Accessories,4,223,181,892,724,Uttar Pradesh,174,170
T01253,6/10/2023,CUST677,Male,47,Beauty,Haircare,3,611,514,1833,1542,Tamil Nadu,181,178
T01254,2/6/2023,CUST743,Female,30,Home & Kitchen,Decor,1,379,260,379,260,Uttar Pradesh,137,136
T01255,7/13/2023,CUST275,Female,50,Home & Kitchen,Furniture,2,268,202,536,404,Karnataka,174,172
T01256,11/17/2023,CUST141,Female,38,Sports,Fitness,1,250,167,250,167,Tamil Nadu,118,117
T01257,4/15/2023,CUST605,Female,39,Clothing,Jackets,4,424,374,1696,1496,Uttar Pradesh,74,70
T01258,4/15/2023,CUST986,Male,51,Electronics,Mobiles,3,584,519,1752,1557,Uttar Pradesh,100,97
T01259,7/7/2023,CUST681,Female,54,Beauty,Haircare,3,1285,975,3855,2925,Uttar Pradesh,63,60
T01260,6/13/2023,CUST519,Male,32,Sports,Sportswear,4,453,395,1812,1580,Gujarat,77,73
T01261,7/15/2023,CUST545,Male,33,Clothing,Jeans,2,915,643,1830,1286,Delhi,150,148
T01262,1/29/2023,CUST738,Male,35,Electronics,Accessories,2,185,149,370,298,Karnataka,88,86
T01263,10/4/2023,CUST164,Female,32,Electronics,Mobiles,4,437,347,1748,1388,Uttar Pradesh,136,132
T01264,4/15/2023,CUST645,Female,50,Sports,Sportswear,2,579,469,1158,938,Maharashtra,133,131
T01265,3/6/2023,CUST432,Male,18,Sports,Sportswear,1,632,521,632,521,Gujarat,72,71
T01266,4/19/2023,CUST718,Female,34,Home & Kitchen,Furniture,1,251,189,251,189,Tamil Nadu,77,76
T01267,10/25/2023,CUST198,Male,48,Beauty,Haircare,1,973,766,973,766,Karnataka,198,197
T01268,7/24/2023,CUST414,Female,22,Electronics,Accessories,2,162,147,324,294,Tamil Nadu,69,67
T01269,2/17/2023,CUST229,Female,54,Sports,Sportswear,1,460,312,460,312,Maharashtra,74,73
T01270,9/22/2023,CUST314,Male,29,Clothing,Shirts,2,1322,939,2644,1878,Gujarat,71,69
T01271,11/22/2023,CUST853,Female,19,Sports,Outdoor,2,329,278,658,556,Gujarat,50,48
T01272,9/2/2023,CUST683,Male,30,Sports,Fitness,3,822,560,2466,1680,Maharashtra,95,92
T01273,11/21/2023,CUST213,Female,36,Home & Kitchen,Decor,3,267,195,801,585,Gujarat,92,89
T01274,10/3/2023,CUST888,Female,35,Electronics,Mobiles,1,1045,747,1045,747,Uttar Pradesh,159,158
T01275,4/25/2023,CUST770,Female,59,Beauty,Haircare,3,675,504,2025,1512,Tamil Nadu,127,124
T01276,7/15/2023,CUST701,Female,56,Electronics,Accessories,1,967,721,967,721,Gujarat,119,118
T01277,11/15/2023,CUST576,Female,28,Clothing,Jackets,4,509,348,2036,1392,Gujarat,177,173
T01278,7/18/2023,CUST765,Female,39,Beauty,Makeup,1,1088,962,1088,962,Delhi,72,71
T01279,2/16/2023,CUST624,Female,42,Sports,Outdoor,2,436,376,872,752,Uttar Pradesh,126,124
T01280,6/18/2023,CUST898,Female,38,Electronics,Mobiles,4,586,406,2344,1624,Tamil Nadu,90,86
T01281,4/22/2023,CUST329,,49,Electronics,Laptops,2,955,792,1910,1584,Tamil Nadu,154,152
T01282,7/12/2023,CUST429,Male,21,Beauty,Haircare,3,958,869,2874,2607,Tamil Nadu,63,60
T01283,2/7/2023,CUST495,Female,34,Sports,Sportswear,4,729,535,2916,2140,Delhi,78,74
T01284,10/1/2023,CUST119,Male,31,Electronics,Accessories,2,612,535,1224,1070,Tamil Nadu,153,151
T01285,6/19/2023,CUST285,Female,35,Electronics,Accessories,2,732,533,1464,1066,Maharashtra,185,183
T01286,8/11/2023,CUST102,Female,20,Clothing,Shirts,4,175,147,700,588,Delhi,194,190
T01287,5/22/2023,CUST598,Male,26,Beauty,Skincare,2,1030,913,2060,1826,Maharashtra,188,186
T01288,10/3/2023,CUST390,Female,28,Home & Kitchen,Cookware,4,646,441,2584,1764,Tamil Nadu,151,147
T01289,2/16/2023,CUST193,Male,44,Home & Kitchen,Furniture,1,1256,865,1256,865,Tamil Nadu,188,187
T01290,7/24/2023,CUST480,Female,26,Clothing,Shirts,4,944,684,3776,2736,Gujarat,151,147
T01291,4/16/2023,CUST944,Female,56,Beauty,Skincare,4,273,243,1092,972,Gujarat,162,158
T01292,3/18/2023,CUST176,Male,45,Home & Kitchen,Cookware,1,624,444,624,444,Maharashtra,107,106
T01293,7/20/2023,CUST836,Female,31,Home & Kitchen,Furniture,1,118,104,118,104,Maharashtra,82,81
T01294,6/1/2023,CUST257,Female,30,Electronics,Laptops,2,991,894,1982,1788,Karnataka,92,90
T01295,9/21/2023,CUST855,Female,20,Beauty,Makeup,1,1042,837,1042,837,Uttar Pradesh,108,107
T01296,6/26/2023,CUST162,Male,50,Electronics,Accessories,2,1300,958,2600,1916,Tamil Nadu,141,139
T01297,10/6/2023,CUST817,Female,47,Electronics,Mobiles,1,1095,865,1095,865,Uttar Pradesh,64,63
T01298,8/22/2023,CUST657,Female,55,Clothing,Jackets,2,622,472,1244,944,Gujarat,124,122
T01299,6/6/2023,CUST834,Female,42,Electronics,Mobiles,4,886,794,3544,3176,Maharashtra,115,111
T01300,5/30/2023,CUST119,Female,50,Sports,Fitness,4,514,417,2056,1668,Gujarat,106,102
T01301,12/9/2023,CUST232,Female,42,Electronics,Accessories,4,269,242,1076,968,Uttar Pradesh,165,161
T01302,11/13/2023,CUST882,Male,18,Sports,Fitness,2,843,724,1686,1448,Uttar Pradesh,85,83
T01303,7/29/2023,CUST594,Male,58,Home & Kitchen,Furniture,2,1140,920,2280,1840,Karnataka,160,158
T01304,11/17/2023,CUST830,Male,44,Beauty,Haircare,3,1193,848,3579,2544,Gujarat,106,103
T01305,12/15/2023,CUST370,Male,52,Home & Kitchen,Cookware,3,120,100,360,300,Karnataka,69,66
T01306,5/11/2023,CUST428,Female,58,Home & Kitchen,Furniture,3,894,646,2682,1938,Karnataka,193,190
T01307,1/9/2023,CUST112,Male,45,Sports,Outdoor,3,589,421,1767,1263,Gujarat,87,84
T01308,4/10/2023,CUST804,Female,35,Beauty,Makeup,3,1205,873,3615,2619,Delhi,104,101
T01309,4/19/2023,CUST818,Male,21,Electronics,Mobiles,1,113,103,113,103,Gujarat,154,153
T01310,1/10/2023,CUST455,Male,37,Sports,Fitness,2,803,628,1606,1256,Delhi,189,187
T01311,7/9/2023,CUST501,Male,47,Home & Kitchen,Furniture,4,344,238,1376,952,Uttar Pradesh,74,70
T01312,9/25/2023,CUST504,Female,42,Sports,Fitness,3,791,681,2373,2043,Karnataka,138,135
T01313,12/21/2023,CUST727,Male,49,Electronics,Accessories,1,942,816,942,816,Gujarat,121,120
T01314,11/21/2023,CUST488,Male,58,Sports,Fitness,3,630,521,1890,1563,Tamil Nadu,143,140
T01315,5/24/2023,CUST388,Female,19,Electronics,Laptops,2,757,600,1514,1200,Gujarat,138,136
T01316,7/26/2023,CUST957,Male,33,Electronics,Mobiles,2,858,670,1716,1340,Delhi,192,190
T01317,12/5/2023,CUST171,Male,51,Clothing,Jeans,2,281,239,562,478,Gujarat,121,119
T01318,1/23/2023,CUST679,Male,31,Electronics,Accessories,3,426,299,1278,897,Tamil Nadu,117,114
T01319,3/4/2023,CUST835,Male,50,Electronics,Mobiles,1,678,614,678,614,Maharashtra,165,164
T01320,7/26/2023,CUST880,Female,19,Beauty,Haircare,4,173,130,692,520,Maharashtra,60,56
T01321,7/6/2023,CUST825,Male,32,Clothing,Jeans,2,201,177,402,354,Tamil Nadu,101,99
T01322,5/8/2023,CUST127,Male,18,Beauty,Haircare,1,170,139,170,139,Maharashtra,87,86
T01323,8/19/2023,CUST852,Female,23,Clothing,Jackets,4,584,389,2336,1556,Maharashtra,168,164
T01324,11/26/2023,CUST153,Male,37,Electronics,Accessories,3,178,160,534,480,Tamil Nadu,59,56
T01325,1/10/2023,CUST595,Male,56,Beauty,Makeup,4,1098,748,4392,2992,Tamil Nadu,92,88
T01326,8/1/2023,CUST919,Female,54,Home & Kitchen,Cookware,4,468,380,1872,1520,Karnataka,155,151
T01327,4/2/2023,CUST890,Male,57,Electronics,Mobiles,4,1075,806,4300,3224,Maharashtra,65,61
T01328,10/5/2023,CUST668,Male,35,Home & Kitchen,Decor,3,1216,920,3648,2760,Gujarat,79,76
T01329,12/25/2023,CUST387,Female,39,Sports,Fitness,2,1092,926,2184,1852,Delhi,80,78
T01330,11/23/2023,CUST368,Male,20,Beauty,Skincare,3,309,219,927,657,Tamil Nadu,83,80
T01331,6/12/2023,CUST882,Male,49,Home & Kitchen,Decor,2,628,555,1256,1110,Tamil Nadu,81,79
T01332,3/24/2023,CUST324,Male,45,Electronics,Laptops,3,503,352,1509,1056,Tamil Nadu,128,125
T01333,3/19/2023,CUST758,Female,32,Sports,Fitness,2,510,383,1020,766,Maharashtra,147,145
T01334,1/26/2023,CUST309,Female,45,Electronics,Laptops,1,1010,729,1010,729,Uttar Pradesh,172,171
T01335,11/5/2023,CUST795,Female,23,Beauty,Makeup,2,402,336,804,672,Delhi,62,60
T01336,10/26/2023,CUST175,Female,36,Clothing,Shirts,1,882,775,882,775,Uttar Pradesh,75,74
T01337,6/22/2023,CUST255,Male,35,Electronics,Mobiles,4,563,458,2252,1832,Tamil Nadu,117,113
T01338,2/13/2023,CUST672,Female,46,Clothing,Jeans,4,448,305,1792,1220,Maharashtra,160,156
T01339,9/15/2023,CUST188,Male,23,Sports,Outdoor,2,1057,923,2114,1846,Uttar Pradesh,195,193
T01340,7/1/2023,CUST356,,56,Electronics,Mobiles,3,677,588,2031,1764,Karnataka,100,97
T01341,9/28/2023,CUST619,Male,55,Clothing,Jeans,2,1031,761,2062,1522,Karnataka,152,150
T01342,5/18/2023,CUST713,Female,31,Clothing,Jackets,1,1104,941,1104,941,Maharashtra,168,167
T01343,8/11/2023,CUST298,Female,36,Clothing,Jackets,3,707,478,2121,1434,Gujarat,72,69
T01344,2/17/2023,CUST208,Male,57,Electronics,Mobiles,2,313,233,626,466,Uttar Pradesh,118,116
T01345,11/9/2023,CUST884,Female,24,Home & Kitchen,Furniture,3,884,594,2652,1782,Delhi,62,59
T01346,12/31/2023,CUST701,Male,39,Sports,Outdoor,4,1407,975,5628,3900,Gujarat,53,49
T01347,4/23/2023,CUST145,Male,35,Beauty,Haircare,3,138,108,414,324,Gujarat,173,170
T01348,1/10/2023,CUST428,Female,48,Sports,Outdoor,4,708,526,2832,2104,Karnataka,63,59
T01349,8/5/2023,CUST101,Female,41,Beauty,Haircare,2,1050,915,2100,1830,Maharashtra,163,161
T01350,10/7/2023,CUST766,Male,54,Beauty,Haircare,2,194,150,388,300,Gujarat,75,73
T01351,3/6/2023,CUST987,Female,21,Home & Kitchen,Decor,1,711,496,711,496,Karnataka,159,158
T01352,3/15/2023,CUST286,Female,34,Sports,Fitness,4,1469,984,5876,3936,Karnataka,70,66
T01353,5/21/2023,CUST364,Female,28,Electronics,Accessories,3,371,271,1113,813,Delhi,105,102
T01354,10/14/2023,CUST904,Male,44,Electronics,Accessories,2,643,503,1286,1006,Karnataka,171,169
T01355,11/21/2023,CUST541,Male,53,Sports,Outdoor,4,752,677,3008,2708,Delhi,97,93
T01356,7/21/2023,CUST597,Male,34,Beauty,Makeup,2,686,488,1372,976,Maharashtra,114,112
T01357,8/27/2023,CUST900,Female,55,Clothing,Jackets,1,171,148,171,148,Uttar Pradesh,150,149
T01358,10/24/2023,CUST257,Male,25,Sports,Fitness,1,1370,954,1370,954,Maharashtra,118,117
T01359,8/4/2023,CUST700,Female,18,Beauty,Makeup,1,906,679,906,679,Maharashtra,180,179
T01360,2/18/2023,CUST758,Male,46,Sports,Outdoor,2,778,675,1556,1350,Uttar Pradesh,159,157
T01361,3/2/2023,CUST884,Female,29,Clothing,Jeans,4,1322,922,5288,3688,Delhi,106,102
T01362,2/19/2023,CUST277,Male,54,Home & Kitchen,Cookware,2,701,498,1402,996,Uttar Pradesh,188,186
T01363,9/4/2023,CUST247,Female,55,Beauty,Skincare,4,1105,990,4420,3960,Karnataka,143,139
T01364,8/14/2023,CUST164,Male,41,Clothing,Jackets,4,1051,881,4204,3524,Uttar Pradesh,175,171
T01365,3/30/2023,CUST575,Female,32,Clothing,Jeans,2,1163,832,2326,1664,Delhi,110,108
T01366,7/5/2023,CUST642,Female,44,Sports,Sportswear,4,731,616,2924,2464,Karnataka,110,106
T01367,2/15/2023,CUST440,Female,27,Electronics,Mobiles,4,175,145,700,580,Delhi,161,157
T01368,10/19/2023,CUST921,Female,34,Beauty,Haircare,1,247,215,247,215,Tamil Nadu,199,198
T01369,4/27/2023,CUST654,Female,44,Electronics,Laptops,1,753,681,753,681,Delhi,129,128
T01370,12/2/2023,CUST988,Female,53,Home & Kitchen,Cookware,3,1458,986,4374,2958,Karnataka,199,196
T01371,2/27/2023,CUST162,Male,45,Sports,Outdoor,1,866,689,866,689,Karnataka,115,114
T01372,6/17/2023,CUST265,Female,38,Clothing,Jackets,1,1136,870,1136,870,Delhi,193,192
T01373,1/2/2023,CUST717,Female,25,Home & Kitchen,Furniture,3,586,480,1758,1440,Maharashtra,130,127
T01374,7/14/2023,CUST769,Female,30,Clothing,Jeans,3,982,715,2946,2145,Karnataka,103,100
T01375,4/14/2023,CUST953,Male,35,Sports,Sportswear,1,832,605,832,605,Delhi,80,79
T01376,10/16/2023,CUST561,Female,33,Home & Kitchen,Decor,3,454,358,1362,1074,Tamil Nadu,177,174
T01377,10/14/2023,CUST787,Male,31,Beauty,Skincare,4,1090,765,4360,3060,Karnataka,130,126
T01378,5/3/2023,CUST573,Male,23,Sports,Sportswear,3,366,325,1098,975,Uttar Pradesh,144,141
T01379,9/25/2023,CUST122,Male,22,Clothing,Jeans,3,404,295,1212,885,Maharashtra,107,104
T01380,8/4/2023,CUST282,Male,34,Electronics,Accessories,3,616,482,1848,1446,Uttar Pradesh,50,47
T01381,1/21/2023,CUST632,Female,35,Sports,Fitness,3,439,374,1317,1122,Tamil Nadu,93,90
T01382,6/9/2023,CUST877,Female,57,Sports,Fitness,3,906,721,2718,2163,Uttar Pradesh,165,162
T01383,2/20/2023,CUST792,Female,21,Beauty,Makeup,3,233,191,699,573,Gujarat,72,69
T01384,10/1/2023,CUST228,Male,52,Beauty,Makeup,4,325,274,1300,1096,Karnataka,50,46
T01385,5/11/2023,CUST166,Male,54,Electronics,Accessories,3,369,305,1107,915,Delhi,171,168
T01386,12/12/2023,CUST487,Female,31,Electronics,Accessories,2,841,680,1682,1360,Uttar Pradesh,180,178
T01387,12/7/2023,CUST332,Male,40,Beauty,Skincare,4,786,686,3144,2744,Tamil Nadu,75,71
T01388,2/10/2023,CUST221,Male,52,Beauty,Skincare,2,932,644,1864,1288,Maharashtra,109,107
T01389,9/1/2023,CUST160,Female,36,Sports,Outdoor,2,663,532,1326,1064,Delhi,172,170
T01390,5/22/2023,CUST143,Female,33,Electronics,Laptops,1,639,445,639,445,Delhi,104,103
T01391,11/3/2023,CUST969,Male,56,Electronics,Mobiles,1,447,362,447,362,Tamil Nadu,129,128
T01392,1/31/2023,CUST211,Female,50,Sports,Outdoor,1,1004,868,1004,868,Maharashtra,90,89
T01393,3/18/2023,CUST486,Male,51,Beauty,Haircare,1,643,496,643,496,Karnataka,190,189
T01394,8/13/2023,CUST347,Female,22,Sports,Sportswear,4,910,639,3640,2556,Uttar Pradesh,79,75
T01395,4/6/2023,CUST411,Male,24,Electronics,Mobiles,1,1025,865,1025,865,Karnataka,181,180
T01396,5/1/2023,CUST296,Female,55,Electronics,Laptops,2,416,303,832,606,Uttar Pradesh,88,86
T01397,2/23/2023,CUST611,Female,43,Electronics,Laptops,1,1345,937,1345,937,Uttar Pradesh,198,197
T01398,6/22/2023,CUST602,Female,43,Beauty,Makeup,3,666,539,1998,1617,Gujarat,91,88
T01399,1/12/2023,CUST932,Female,59,Beauty,Skincare,1,188,151,188,151,Delhi,186,185
T01400,4/16/2023,CUST790,Female,33,Electronics,Laptops,4,1328,938,5312,3752,Delhi,190,186
T01401,7/18/2023,CUST723,Female,38,Electronics,Laptops,3,988,852,2964,2556,Uttar Pradesh,134,131
T01402,6/16/2023,CUST483,Female,37,Sports,Sportswear,4,584,464,2336,1856,Delhi,51,47
T01403,10/2/2023,CUST849,Female,37,Clothing,Jeans,2,1148,774,2296,1548,Karnataka,66,64
T01404,3/30/2023,CUST585,Female,21,Beauty,Skincare,2,735,643,1470,1286,Uttar Pradesh,131,129
T01405,6/3/2023,CUST539,Male,53,Clothing,Jeans,4,701,518,2804,2072,Maharashtra,170,166
T01406,6/22/2023,CUST103,Male,39,Beauty,Haircare,4,1157,830,4628,3320,Maharashtra,148,144
T01407,2/6/2023,CUST682,Male,50,Electronics,Laptops,3,802,550,2406,1650,Maharashtra,137,134
T01408,11/24/2023,CUST643,Male,55,Home & Kitchen,Cookware,4,167,134,668,536,Karnataka,63,59
T01409,2/2/2023,CUST109,Female,33,Beauty,Makeup,4,560,471,2240,1884,Gujarat,141,137
T01410,5/5/2023,CUST526,Female,33,Home & Kitchen,Decor,3,1006,735,3018,2205,Maharashtra,198,195
T01411,10/5/2023,CUST364,Male,26,Clothing,Jackets,1,952,735,952,735,Maharashtra,94,93
T01412,1/8/2023,CUST307,Female,35,Sports,Outdoor,1,644,570,644,570,Uttar Pradesh,55,54
T01413,10/24/2023,CUST616,Male,33,Electronics,Laptops,2,1452,998,2904,1996,Delhi,185,183
T01414,1/25/2023,CUST605,Male,22,Home & Kitchen,Furniture,3,821,701,2463,2103,Uttar Pradesh,166,163
T01415,4/5/2023,CUST644,Male,35,Electronics,Laptops,1,826,703,826,703,Uttar Pradesh,129,128
T01416,2/7/2023,CUST524,Male,24,Beauty,Makeup,2,447,382,894,764,Maharashtra,138,136
T01417,6/9/2023,CUST649,Male,39,Home & Kitchen,Cookware,3,183,135,549,405,Karnataka,125,122
T01418,5/25/2023,CUST840,Male,44,Clothing,Jeans,1,371,271,371,271,Tamil Nadu,61,60
T01419,6/18/2023,CUST870,Male,52,Electronics,Laptops,1,765,562,765,562,Uttar Pradesh,186,185
T01420,7/29/2023,CUST128,Female,56,Sports,Fitness,3,724,540,2172,1620,Tamil Nadu,95,92
T01421,3/8/2023,CUST296,Female,31,Clothing,Shirts,3,172,139,516,417,Maharashtra,103,100
T01422,5/18/2023,CUST572,,30,Sports,Outdoor,4,176,142,704,568,Uttar Pradesh,110,106
T01423,3/27/2023,CUST867,Female,34,Beauty,Haircare,3,269,208,807,624,Karnataka,51,48
T01424,6/27/2023,CUST856,Female,39,Beauty,Skincare,3,1164,831,3492,2493,Uttar Pradesh,61,58
T01425,9/17/2023,CUST472,Female,30,Home & Kitchen,Decor,3,718,529,2154,1587,Maharashtra,56,53
T01426,8/4/2023,CUST610,Female,22,Home & Kitchen,Cookware,1,684,550,684,550,Karnataka,138,137
T01427,7/27/2023,CUST312,Male,19,Clothing,Jeans,2,1093,884,2186,1768,Delhi,126,124
T01428,10/15/2023,CUST146,Female,25,Sports,Outdoor,3,1289,988,3867,2964,Maharashtra,59,56
T01429,12/19/2023,CUST256,Female,22,Beauty,Makeup,1,501,340,501,340,Uttar Pradesh,116,115
T01430,8/16/2023,CUST262,Female,32,Beauty,Haircare,4,995,766,3980,3064,Maharashtra,131,127
T01431,11/27/2023,CUST526,Male,55,Beauty,Makeup,4,964,854,3856,3416,Uttar Pradesh,170,166
T01432,5/27/2023,CUST358,Male,53,Beauty,Haircare,3,1292,942,3876,2826,Delhi,164,161
T01433,12/31/2023,CUST189,Male,33,Clothing,Shirts,4,468,338,1872,1352,Delhi,54,50
T01434,3/19/2023,CUST702,Male,40,Sports,Outdoor,2,1029,725,2058,1450,Karnataka,132,130
T01435,6/24/2023,CUST665,Male,21,Home & Kitchen,Decor,2,838,584,1676,1168,Uttar Pradesh,102,100
T01436,3/18/2023,CUST817,Male,27,Home & Kitchen,Decor,4,173,150,692,600,Tamil Nadu,119,115
T01437,8/6/2023,CUST464,Male,30,Sports,Sportswear,3,881,599,2643,1797,Karnataka,89,86
T01438,1/22/2023,CUST979,Female,46,Electronics,Mobiles,2,257,226,514,452,Tamil Nadu,124,122
T01439,7/28/2023,CUST282,Male,25,Beauty,Haircare,2,250,227,500,454,Uttar Pradesh,139,137
T01440,12/2/2023,CUST706,Female,23,Beauty,Makeup,1,1093,923,1093,923,Maharashtra,77,76
T01441,3/13/2023,CUST881,Male,41,Sports,Sportswear,4,815,707,3260,2828,Uttar Pradesh,169,165
T01442,6/28/2023,CUST899,Male,58,Clothing,T-Shirts,2,355,254,710,508,Gujarat,115,113
T01443,10/25/2023,CUST519,Male,29,Clothing,Jeans,1,1214,834,1214,834,Delhi,87,86
T01444,6/19/2023,CUST416,Female,39,Clothing,Jeans,1,1302,894,1302,894,Maharashtra,165,164
T01445,3/21/2023,CUST626,Male,25,Home & Kitchen,Decor,1,627,452,627,452,Tamil Nadu,106,105
T01446,7/18/2023,CUST628,Male,49,Electronics,Laptops,2,502,440,1004,880,Maharashtra,96,94
T01447,3/28/2023,CUST929,Female,46,Home & Kitchen,Cookware,2,399,324,798,648,Karnataka,150,148
T01448,3/12/2023,CUST774,Male,30,Electronics,Accessories,2,567,510,1134,1020,Gujarat,74,72
T01449,6/21/2023,CUST927,Female,57,Clothing,Jeans,3,668,540,2004,1620,Tamil Nadu,135,132
T01450,9/10/2023,CUST632,Male,18,Electronics,Accessories,3,706,594,2118,1782,Uttar Pradesh,53,50
T01451,8/22/2023,CUST614,Male,44,Electronics,Laptops,4,328,283,1312,1132,Delhi,106,102
T01452,12/30/2023,CUST865,Female,50,Clothing,Jackets,4,1052,821,4208,3284,Tamil Nadu,126,122
T01453,6/24/2023,CUST943,Male,22,Home & Kitchen,Decor,1,1189,992,1189,992,Uttar Pradesh,67,66
T01454,2/13/2023,CUST254,Female,52,Home & Kitchen,Decor,2,338,301,676,602,Gujarat,109,107
T01455,8/13/2023,CUST316,Male,48,Electronics,Laptops,1,848,628,848,628,Karnataka,156,155
T01456,7/10/2023,CUST629,Female,34,Sports,Fitness,2,655,471,1310,942,Delhi,143,141
T01457,3/17/2023,CUST646,Female,28,Sports,Outdoor,1,620,493,620,493,Uttar Pradesh,133,132
T01458,4/24/2023,CUST834,Male,21,Electronics,Accessories,2,1034,889,2068,1778,Maharashtra,50,48
T01459,8/17/2023,CUST185,Male,34,Electronics,Accessories,2,1171,882,2342,1764,Karnataka,62,60
T01460,6/12/2023,CUST654,Female,19,Electronics,Mobiles,4,1129,839,4516,3356,Delhi,100,96
T01461,5/24/2023,CUST757,Female,24,Electronics,Mobiles,1,137,112,137,112,Gujarat,184,183
T01462,9/28/2023,CUST159,Female,57,Sports,Sportswear,3,693,546,2079,1638,Uttar Pradesh,161,158
T01463,7/2/2023,CUST944,Female,57,Clothing,Jeans,1,1129,894,1129,894,Karnataka,129,128
T01464,8/22/2023,CUST480,Male,23,Beauty,Skincare,4,1149,976,4596,3904,Gujarat,195,191
T01465,11/20/2023,CUST738,Female,26,Sports,Sportswear,3,902,640,2706,1920,Gujarat,184,181
T01466,2/10/2023,CUST395,Female,20,Home & Kitchen,Decor,1,767,582,767,582,Karnataka,163,162
T01467,1/4/2023,CUST343,Male,23,Electronics,Laptops,2,878,772,1756,1544,Karnataka,141,139
T01468,1/31/2023,CUST304,Female,52,Home & Kitchen,Cookware,4,658,445,2632,1780,Karnataka,150,146
T01469,11/14/2023,CUST979,Female,58,Clothing,Jeans,3,1049,821,3147,2463,Karnataka,84,81
T01470,10/11/2023,CUST458,Female,55,Home & Kitchen,Furniture,1,581,459,581,459,Tamil Nadu,146,145
T01471,11/3/2023,CUST438,Female,40,Electronics,Accessories,1,593,531,593,531,Maharashtra,142,141
T01472,3/29/2023,CUST947,Male,42,Home & Kitchen,Furniture,3,590,455,1770,1365,Tamil Nadu,87,84
T01473,5/19/2023,CUST294,Male,32,Sports,Fitness,1,956,712,956,712,Maharashtra,75,74
T01474,12/9/2023,CUST528,Female,46,Clothing,Jeans,4,251,197,1004,788,Maharashtra,144,140
T01475,2/20/2023,CUST180,Female,53,Beauty,Haircare,3,1255,868,3765,2604,Delhi,160,157
T01476,6/17/2023,CUST580,Male,37,Home & Kitchen,Furniture,2,929,755,1858,1510,Tamil Nadu,169,167
T01477,3/20/2023,CUST772,Female,36,Electronics,Laptops,3,624,416,1872,1248,Maharashtra,73,70
T01478,5/31/2023,CUST339,Male,27,Beauty,Makeup,2,1062,911,2124,1822,Gujarat,104,102
T01479,6/6/2023,CUST869,Male,53,Electronics,Mobiles,3,210,157,630,471,Karnataka,87,84
T01480,5/11/2023,CUST969,Male,33,Beauty,Skincare,2,1338,892,2676,1784,Tamil Nadu,73,71
T01481,9/1/2023,CUST522,Male,21,Clothing,Jeans,4,710,638,2840,2552,Gujarat,78,74
T01482,7/30/2023,CUST765,Female,54,Electronics,Mobiles,3,212,176,636,528,Maharashtra,52,49
T01483,9/8/2023,CUST221,Female,24,Home & Kitchen,Decor,1,527,417,527,417,Delhi,90,89
T01484,12/28/2023,CUST688,Female,32,Electronics,Laptops,2,332,280,664,560,Maharashtra,140,138
T01485,1/8/2023,CUST643,Male,37,Sports,Fitness,4,1136,804,4544,3216,Karnataka,110,106
T01486,9/21/2023,CUST896,Female,48,Electronics,Laptops,1,1052,718,1052,718,Uttar Pradesh,60,59
T01487,1/2/2023,CUST789,Female,58,Clothing,Jackets,2,409,346,818,692,Gujarat,136,134
T01488,9/6/2023,CUST597,Female,37,Clothing,Jackets,1,1029,748,1029,748,Delhi,66,65
T01489,6/3/2023,CUST348,Female,40,Sports,Fitness,4,223,156,892,624,Uttar Pradesh,51,47
T01490,3/29/2023,CUST898,Male,44,Electronics,Laptops,2,1094,855,2188,1710,Gujarat,190,188
T01491,8/16/2023,CUST774,Female,25,Electronics,Accessories,2,995,823,1990,1646,Karnataka,70,68
T01492,8/22/2023,CUST813,Male,40,Electronics,Laptops,3,538,403,1614,1209,Karnataka,154,151
T01493,11/4/2023,CUST982,Male,51,Clothing,Jeans,1,155,110,155,110,Gujarat,120,119
T01494,11/22/2023,CUST975,Female,35,Electronics,Laptops,3,367,321,1101,963,Karnataka,70,67
T01495,3/23/2023,CUST955,Female,55,Electronics,Mobiles,2,650,580,1300,1160,Karnataka,163,161
T01496,1/26/2023,CUST882,Female,50,Sports,Sportswear,2,997,825,1994,1650,Uttar Pradesh,125,123
T01497,9/6/2023,CUST694,Male,42,Home & Kitchen,Furniture,1,1328,964,1328,964,Karnataka,126,125
T01498,4/2/2023,CUST100,Male,23,Electronics,Mobiles,4,402,311,1608,1244,Maharashtra,88,84
T01499,10/6/2023,CUST423,Male,21,Home & Kitchen,Furniture,2,674,457,1348,914,Maharashtra,154,152
T01500,3/7/2023,CUST542,Male,24,Clothing,Jackets,1,992,838,992,838,Karnataka,136,135
